{"stream":"btcusdt@depth@100ms","data":{"e":"depthUpdate","E":1765107346014,"s":"BTCUSDT","U":82626886844,"u":82626886850,"b":[["89218.34000000","0.03110000"],["80325.00000000","0.00266000"],["71400.63000000","0.14033000"]],"a":[["89309.47000000","0.00000000"],["89309.63000000","0.03400000"]]}}
{"stream":"btcusdt@depth@100ms","data":{"e":"depthUpdate","E":1765107346114,"s":"BTCUSDT","U":82626886851,"u":82626886854,"b":[["87912.01000000","0.00000000"],["80325.00000000","0.00266000"],["71401.00000000","0.00300000"]],"a":[]}}
{"stream":"btcusdt@depth@100ms","data":{"e":"depthUpdate","E":1765107346214,"s":"BTCUSDT","U":82626886855,"u":82626886860,"b":[["89250.78000000","1.96853000"],["87912.01000000","0.00100000"],["80325.00000000","0.00266000"],["71401.00000000","0.00000000"],["71400.63000000","0.14005000"]],"a":[]}}
{"stream":"btcusdt@depth@100ms","data":{"e":"depthUpdate","E":1765107346314,"s":"BTCUSDT","U":82626886861,"u":82626886871,"b":[["89217.93000000","0.26523000"],["89197.26000000","0.00000000"]],"a":[["89250.79000000","2.59054000"],["89250.80000000","0.00275000"],["89253.62000000","0.00000000"],["89253.63000000","0.00024000"],["89253.64000000","0.03362000"]]}}
{"stream":"btcusdt@depth@100ms","data":{"e":"depthUpdate","E":1765107346414,"s":"BTCUSDT","U":82626886872,"u":82626886891,"b":[["89217.93000000","0.29721000"],["89176.62000000","0.12834000"],["89168.01000000","0.23736000"],["89159.09000000","0.00000000"],["89154.65000000","0.05489000"],["89150.14000000","0.00000000"],["89138.34000000","0.00000000"],["89134.04000000","0.04997000"]],"a":[["89250.79000000","2.59060000"],["89251.25000000","0.02042000"],["89252.08000000","0.00940000"],["89253.63000000","0.00012000"],["89253.64000000","0.03374000"]]}}
{"stream":"btcusdt@depth@100ms","data":{"e":"depthUpdate","E":1765107346514,"s":"BTCUSDT","U":82626886892,"u":82626886895,"b":[["82110.72000000","0.00013000"],["71400.63000000","0.14033000"]],"a":[["89255.45000000","0.00006000"],["89257.84000000","0.36968000"]]}}
{"stream":"btcusdt@depth@100ms","data":{"e":"depthUpdate","E":1765107346614,"s":"BTCUSDT","U":82626886896,"u":82626886908,"b":[["89250.78000000","1.96852000"],["89020.36000000","0.01754000"],["80325.00000000","0.00266000"],["71400.63000000","0.14005000"]],"a":[["89250.79000000","2.59052000"],["89254.53000000","0.12615000"],["89255.45000000","0.00000000"],["89257.17000000","0.01153000"]]}}
{"stream":"btcusdt@depth@100ms","data":{"e":"depthUpdate","E":1765107346714,"s":"BTCUSDT","U":82626886909,"u":82626886910,"b":[["33000.00000000","5.69301000"]],"a":[]}}
{"stream":"btcusdt@depth@100ms","data":{"e":"depthUpdate","E":1765107346814,"s":"BTCUSDT","U":82626886911,"u":82626886911,"b":[],"a":[["90589.56000000","0.00000000"]]}}
{"stream":"btcusdt@depth@100ms","data":{"e":"depthUpdate","E":1765107346914,"s":"BTCUSDT","U":82626886912,"u":82626886912,"b":[],"a":[["90589.56000000","0.00100000"]]}}
{"stream":"btcusdt@depth@100ms","data":{"e":"depthUpdate","E":1765107347014,"s":"BTCUSDT","U":82626886913,"u":82626886915,"b":[["71401.00000000","0.00000000"],["71400.63000000","0.14033000"]],"a":[]}}
{"stream":"btcusdt@depth@100ms","data":{"e":"depthUpdate","E":1765107347114,"s":"BTCUSDT","U":82626886916,"u":82626886921,"b":[["89248.69000000","0.00006000"],["82110.72000000","0.00000000"],["80325.00000000","0.00266000"]],"a":[["89250.79000000","2.59046000"],["89252.02000000","0.00590000"]]}}
{"stream":"btcusdt@depth@100ms","data":{"e":"depthUpdate","E":1765107347214,"s":"BTCUSDT","U":82626886922,"u":82626886938,"b":[["89250.78000000","1.96846000"],["89248.95000000","0.18121000"],["89248.69000000","0.00599000"],["89245.45000000","0.06368000"],["87912.01000000","0.00100000"],["71400.63000000","0.14005000"],["42000.00000000","5.22862000"]],"a":[["89251.25000000","0.02048000"],["89252.02000000","0.00605000"],["89252.08000000","0.00931000"],["89257.17000000","0.01147000"]]}}
{"stream":"btcusdt@depth@100ms","data":{"e":"depthUpdate","E":1765107347314,"s":"BTCUSDT","U":82626886939,"u":82626886963,"b":[["89250.78000000","1.96335000"],["89245.54000000","0.00000000"],["89219.75000000","0.80548000"],["89072.31000000","1.33129000"],["88429.08000000","0.00220000"]],"a":[["89250.79000000","2.72549000"],["89255.36000000","0.36969000"],["89257.84000000","0.00000000"],["89281.82000000","0.00224000"],["90121.18000000","0.00215000"]]}}
{"stream":"btcusdt@depth@100ms","data":{"e":"depthUpdate","E":1765107347414,"s":"BTCUSDT","U":82626886964,"u":82626886983,"b":[["89250.78000000","1.96366000"],["89245.58000000","0.04449000"],["89245.54000000","0.01146000"],["89220.77000000","0.00000000"],["89210.24000000","0.20164000"],["89209.39000000","0.00000000"],["89202.44000000","0.40354000"],["89183.53000000","0.00600000"],["89183.03000000","0.00000000"]],"a":[["89250.79000000","2.89366000"],["89254.53000000","0.12615000"],["89255.36000000","0.36975000"],["89256.91000000","0.01271000"],["89268.55000000","0.00000000"],["89311.42000000","0.00000000"],["89500.00000000","1.22747000"],["115975.00000000","0.00012000"]]}}
{"stream":"btcusdt@depth@100ms","data":{"e":"depthUpdate","E":1765107347514,"s":"BTCUSDT","U":82626886984,"u":82626887000,"b":[["89250.78000000","1.38562000"],["89250.77000000","0.00039000"],["89190.00000000","0.00212000"],["71400.63000000","0.14033000"]],"a":[["89264.16000000","0.00560000"],["89268.99000000","0.00000000"],["89277.57000000","0.16817000"],["89311.23000000","0.00000000"]]}}
{"stream":"btcusdt@depth@100ms","data":{"e":"depthUpdate","E":1765107347614,"s":"BTCUSDT","U":82626887001,"u":82626887008,"b":[["89250.78000000","1.52071000"],["89180.14000000","0.01754000"],["80325.00000000","0.00266000"],["71400.63000000","0.14005000"]],"a":[["89250.79000000","2.89321000"],["89277.57000000","0.00000000"],["89312.15000000","0.16817000"]]}}
{"stream":"btcusdt@depth@100ms","data":{"e":"depthUpdate","E":1765107347714,"s":"BTCUSDT","U":82626887009,"u":82626887016,"b":[["80325.00000000","0.00266000"]],"a":[["89277.57000000","0.00000000"],["89311.15000000","0.16817000"],["89312.15000000","0.00000000"]]}}
{"stream":"btcusdt@depth@100ms","data":{"e":"depthUpdate","E":1765107347814,"s":"BTCUSDT","U":82626887017,"u":82626887039,"b":[["89250.78000000","1.18262000"],["89248.94000000","0.00006000"],["89248.69000000","0.00006000"],["89247.01000000","0.00617000"],["89246.42000000","0.36973000"],["89245.54000000","0.00000000"],["89244.01000000","0.01115000"],["89239.25000000","0.00000000"],["71401.00000000","0.00000000"]],"a":[["89250.79000000","3.06131000"],["89252.94000000","0.36970000"],["89255.36000000","0.00006000"],["89260.02000000","0.00000000"],["89264.76000000","0.04254000"],["89277.57000000","0.16817000"],["89282.31000000","0.40318000"],["89293.39000000","0.00000000"],["89293.58000000","0.16810000"],["89300.21000000","0.00000000"],["89311.15000000","0.00000000"]]}}
{"stream":"btcusdt@depth@100ms","data":{"e":"depthUpdate","E":1765107347914,"s":"BTCUSDT","U":82626887040,"u":82626887102,"b":[["89250.78000000","1.32346000"],["89250.77000000","0.00057000"],["89248.95000000","0.18109000"],["89248.94000000","0.00000000"],["89248.06000000","0.00018000"],["89248.05000000","0.05620000"],["89246.43000000","0.00012000"],["89241.85000000","0.16500000"],["89239.26000000","0.36984000"],["89196.66000000","0.00000000"],["89185.74000000","0.04070000"],["85610.20000000","0.00000000"]],"a":[["89250.79000000","3.06137000"],["89250.80000000","0.00275000"],["89251.24000000","0.12012000"],["89251.25000000","0.02048000"],["89252.07000000","0.00000000"],["89252.08000000","0.00931000"],["89252.93000000","0.00012000"],["89252.94000000","0.36982000"],["89252.98000000","0.00250000"],["89253.15000000","0.00006000"],["89253.70000000","0.00006000"],["89253.71000000","0.58203000"],["89254.53000000","0.12615000"],["89255.36000000","0.00000000"],["89270.88000000","0.00000000"],["89280.96000000","0.03966000"],["89295.46000000","0.00000000"],["90589.56000000","0.00100000"]]}}
{"stream":"btcusdt@depth@100ms","data":{"e":"depthUpdate","E":1765107348014,"s":"BTCUSDT","U":82626887103,"u":82626887127,"b":[["89250.78000000","1.18589000"],["89250.77000000","0.00063000"],["89246.37000000","0.00000000"],["89245.82000000","0.00000000"],["89242.95000000","0.02000000"],["89241.20000000","0.00048000"],["89240.99000000","0.00190000"],["89227.92000000","0.00250000"],["89215.07000000","0.03000000"],["71400.63000000","0.14033000"]],"a":[["89250.79000000","3.15647000"],["89250.80000000","0.00269000"]]}}
{"stream":"btcusdt@depth@100ms","data":{"e":"depthUpdate","E":1765107348114,"s":"BTCUSDT","U":82626887128,"u":82626887139,"b":[["89250.78000000","1.18589000"],["89246.77000000","0.00045000"],["89246.20000000","0.00000000"],["89231.42000000","0.00000000"],["89229.71000000","0.75613000"],["85666.32000000","0.01165000"],["80325.00000000","0.00266000"]],"a":[["89250.79000000","3.15062000"],["89257.96000000","0.80548000"],["89283.56000000","0.03996000"],["89297.69000000","0.00000000"]]}}
{"stream":"btcusdt@depth@100ms","data":{"e":"depthUpdate","E":1765107348214,"s":"BTCUSDT","U":82626887140,"u":82626887177,"b":[["89250.78000000","0.34348000"],["89250.77000000","0.00051000"],["89248.96000000","0.00000000"],["89248.95000000","0.00015000"],["89247.01000000","0.00000000"],["89246.43000000","0.00018000"],["89245.59000000","0.00006000"],["89244.01000000","0.00000000"],["89239.74000000","0.01096000"],["89235.78000000","0.00000000"],["89229.71000000","0.00000000"],["89225.23000000","0.75615000"],["89202.02000000","0.00000000"],["89189.32000000","0.07084000"],["89183.53000000","0.00000000"],["89183.50000000","0.00600000"],["87912.01000000","0.00100000"],["71400.63000000","0.14005000"]],"a":[["89250.79000000","3.15026000"],["89250.80000000","0.00263000"],["89261.99000000","0.75615000"],["89267.71000000","0.00000000"],["89270.36000000","0.00560000"],["89277.54000000","0.00000000"]]}}
{"stream":"btcusdt@depth@100ms","data":{"e":"depthUpdate","E":1765107348315,"s":"BTCUSDT","U":82626887178,"u":82626887196,"b":[["89250.78000000","0.34306000"],["89249.93000000","0.01250000"],["89248.95000000","0.00000000"],["89248.13000000","0.08582000"],["89246.42000000","0.36979000"],["89243.42000000","0.11452000"],["89241.85000000","0.16506000"],["89241.48000000","0.03015000"],["89241.20000000","0.00054000"],["89241.07000000","0.00048000"],["89241.00000000","0.03006000"]],"a":[]}}
{"stream":"btcusdt@depth@100ms","data":{"e":"depthUpdate","E":1765107348414,"s":"BTCUSDT","U":82626887197,"u":82626887199,"b":[["89248.69000000","0.00000000"],["89183.50000000","0.00000000"],["89183.45000000","0.00600000"]],"a":[]}}
{"stream":"btcusdt@depth@100ms","data":{"e":"depthUpdate","E":1765107348514,"s":"BTCUSDT","U":82626887200,"u":82626887207,"b":[["89250.78000000","0.34306000"],["89250.77000000","0.00045000"],["89245.40000000","0.00000000"],["88429.08000000","0.00000000"],["71400.63000000","0.14033000"]],"a":[["89250.79000000","3.70986000"],["90121.18000000","0.00000000"]]}}
{"stream":"btcusdt@depth@100ms","data":{"e":"depthUpdate","E":1765107348614,"s":"BTCUSDT","U":82626887208,"u":82626887213,"b":[["89250.78000000","0.34318000"],["89245.45000000","0.06362000"],["71400.63000000","0.14005000"]],"a":[["89250.79000000","3.15026000"],["89309.01000000","0.03400000"],["89309.63000000","0.00000000"]]}}
{"stream":"btcusdt@depth@100ms","data":{"e":"depthUpdate","E":1765107348714,"s":"BTCUSDT","U":82626887214,"u":82626887221,"b":[["89250.78000000","0.34366000"],["89244.78000000","0.00608000"],["89241.07000000","0.00000000"],["89122.45000000","0.05137000"],["89095.85000000","0.35531000"],["80325.00000000","0.00266000"]],"a":[]}}
{"stream":"btcusdt@depth@100ms","data":{"e":"depthUpdate","E":1765107348816,"s":"BTCUSDT","U":82626887222,"u":82626887228,"b":[["89250.78000000","0.34372000"],["89250.77000000","0.00051000"],["89231.12000000","0.75612000"],["89225.23000000","0.00000000"],["32130.28000000","0.00627000"]],"a":[["89261.99000000","0.00000000"],["89264.20000000","0.75612000"]]}}
{"stream":"btcusdt@depth@100ms","data":{"e":"depthUpdate","E":1765107348914,"s":"BTCUSDT","U":82626887229,"u":82626887237,"b":[["89250.78000000","0.34938000"],["89245.40000000","0.00224000"],["89241.20000000","0.00054000"]],"a":[["90589.56000000","0.00100000"]]}}
{"stream":"btcusdt@depth@100ms","data":{"e":"depthUpdate","E":1765107349014,"s":"BTCUSDT","U":82626887238,"u":82626887242,"b":[["89250.78000000","0.34890000"],["89247.80000000","0.00006000"],["89241.14000000","0.00000000"],["71400.63000000","0.14033000"]],"a":[]}}
{"stream":"btcusdt@depth@100ms","data":{"e":"depthUpdate","E":1765107349116,"s":"BTCUSDT","U":82626887243,"u":82626887252,"b":[["89250.78000000","0.34701000"],["89148.59000000","0.10979000"],["80325.00000000","0.00266000"]],"a":[["89352.24000000","0.00000000"]]}}
{"stream":"btcusdt@depth@100ms","data":{"e":"depthUpdate","E":1765107349214,"s":"BTCUSDT","U":82626887253,"u":82626888262,"b":[["89257.99000000","0.00000000"],["89256.96000000","0.00000000"],["89256.90000000","4.62529000"],["89256.89000000","0.00048000"],["89256.85000000","0.00006000"],["89256.55000000","0.00006000"],["89256.10000000","0.00006000"],["89256.02000000","0.00000000"],["89255.99000000","0.00033000"],["89255.63000000","0.00000000"],["89255.53000000","0.00608000"],["89255.50000000","0.00006000"],["89255.03000000","0.12286000"],["89255.02000000","0.36969000"],["89254.60000000","0.00006000"],["89254.55000000","0.00000000"],["89254.52000000","0.00033000"],["89253.99000000","0.00000000"],["89253.73000000","0.00000000"],["89253.72000000","0.00012000"],["89253.71000000","0.00000000"],["89253.70000000","0.00015000"],["89253.63000000","0.00000000"],["89253.40000000","0.00006000"],["89252.98000000","0.00250000"],["89252.93000000","0.00000000"],["89252.86000000","0.00012000"],["89252.85000000","0.02000000"],["89252.64000000","0.01133000"],["89252.20000000","0.00000000"],["89252.07000000","0.00000000"],["89252.01000000","0.00000000"],["89251.24000000","0.00021000"],["89251.23000000","0.00000000"],["89251.14000000","0.00000000"],["89251.01000000","0.05212000"],["89251.00000000","0.12100000"],["89250.84000000","0.00000000"],["89250.80000000","0.00000000"],["89250.79000000","0.00012000"],["89250.78000000","0.02616000"],["89250.77000000","0.00006000"],["89250.67000000","0.00000000"],["89250.44000000","0.00000000"],["89249.94000000","0.00000000"],["89249.93000000","0.00000000"],["89249.77000000","0.00000000"],["89249.40000000","0.00250000"],["89249.39000000","0.00000000"],["89248.76000000","0.05165000"],["89248.57000000","0.00000000"],["89248.46000000","0.00006000"],["89248.15000000","0.40017000"],["89248.14000000","0.80548000"],["89248.13000000","0.08567000"],["89248.06000000","0.00006000"],["89248.05000000","0.05614000"],["89247.97000000","0.00138000"],["89247.63000000","0.00000000"],["89247.62000000","0.00006000"],["89247.29000000","0.00000000"],["89246.43000000","0.00006000"],["89246.42000000","0.00000000"],["89246.24000000","0.00000000"],["89245.82000000","0.00250000"],["89245.75000000","0.00012000"],["89245.66000000","0.13734000"],["89245.59000000","0.00000000"],["89245.58000000","0.00000000"],["89245.45000000","0.03006000"],["89245.40000000","0.00230000"],["89245.24000000","0.12609000"],["89244.78000000","0.00000000"],["89243.88000000","0.00112000"],["89243.51000000","0.00150000"],["89243.48000000","0.81774000"],["89243.47000000","0.80548000"],["89243.43000000","1.37105000"],["89243.42000000","0.00006000"],["89243.20000000","0.00000000"],["89243.14000000","0.00000000"],["89242.95000000","0.00000000"],["89242.91000000","0.00035000"],["89242.90000000","0.00000000"],["89242.01000000","0.16810000"],["89241.90000000","0.06006000"],["89241.86000000","0.00112000"],["89241.85000000","0.16500000"],["89241.48000000","0.03009000"],["89241.20000000","0.00048000"],["89241.00000000","0.03000000"],["89239.74000000","0.00000000"],["89239.28000000","0.93766000"],["89239.27000000","1.37105000"],["89239.26000000","0.00000000"],["89239.18000000","0.00000000"],["89238.85000000","0.00000000"],["89238.68000000","0.00000000"],["89238.12000000","0.00007000"],["89237.39000000","0.00000000"],["89236.94000000","0.00112000"],["89236.78000000","0.00000000"],["89236.20000000","0.75607000"],["89236.19000000","0.00000000"],["89235.60000000","0.05604000"],["89235.34000000","0.00459000"],["89235.08000000","0.00000000"],["89232.94000000","0.00000000"],["89232.32000000","0.00000000"],["89231.50000000","0.00000000"],["89231.12000000","0.00000000"],["89230.12000000","0.16817000"],["89228.30000000","0.09526000"],["89227.92000000","0.00000000"],["89226.03000000","0.00112000"],["89225.89000000","0.00224000"],["89225.84000000","0.14410000"],["89225.19000000","0.00000000"],["89221.75000000","0.03941000"],["89220.08000000","0.40346000"],["89216.96000000","0.00113000"],["89216.43000000","0.00000000"],["89213.23000000","0.05598000"],["89210.18000000","0.04084000"],["89208.18000000","0.00000000"],["89207.45000000","0.00000000"],["89204.93000000","0.04070000"],["89202.94000000","0.00000000"],["89202.58000000","0.00000000"],["89202.44000000","0.00000000"],["89196.76000000","0.03352000"],["89194.49000000","0.00000000"],["89193.51000000","0.00000000"],["89192.39000000","0.00015000"],["89192.12000000","0.00000000"],["89189.32000000","0.03000000"],["89188.31000000","0.00000000"],["89186.26000000","0.00000000"],["89185.74000000","0.00000000"],["89184.02000000","0.00015000"],["89182.27000000","0.00279000"],["89180.59000000","0.00279000"],["89176.63000000","0.00000000"],["89174.20000000","0.00000000"],["89173.14000000","0.00600000"],["89173.11000000","0.00000000"],["89158.89000000","0.12101000"],["89157.72000000","0.12077000"],["89130.54000000","0.13500000"],["89128.71000000","0.00000000"],["89128.32000000","0.00000000"],["89127.99000000","0.00000000"],["89127.46000000","0.00000000"],["89122.45000000","0.00000000"],["89119.50000000","0.00000000"],["89095.85000000","0.22574000"],["89092.94000000","0.00112000"],["89090.01000000","0.00112000"],["89083.84000000","0.00000000"],["89083.83000000","0.00000000"],["89046.48000000","0.10529000"],["89000.56000000","0.02803000"],["88994.33000000","0.00000000"],["88957.65000000","0.00000000"],["87918.04000000","0.00100000"],["87912.01000000","0.00000000"],["71400.63000000","0.14005000"],["62481.58000000","0.00000000"],["62478.45000000","0.00000000"],["42000.00000000","5.22762000"]],"a":[["89250.79000000","0.00000000"],["89250.80000000","0.00000000"],["89250.85000000","0.00000000"],["89251.15000000","0.00000000"],["89251.23000000","0.00000000"],["89251.24000000","0.00000000"],["89251.25000000","0.00000000"],["89251.60000000","0.00000000"],["89252.02000000","0.00000000"],["89252.04000000","0.00000000"],["89252.08000000","0.00000000"],["89252.13000000","0.00000000"],["89252.25000000","0.00000000"],["89252.76000000","0.00000000"],["89252.88000000","0.00000000"],["89252.93000000","0.00000000"],["89252.94000000","0.00000000"],["89252.98000000","0.00000000"],["89253.15000000","0.00000000"],["89253.63000000","0.00000000"],["89253.64000000","0.00000000"],["89253.70000000","0.00000000"],["89253.71000000","0.00000000"],["89253.75000000","0.00000000"],["89253.91000000","0.00000000"],["89254.00000000","0.00000000"],["89254.04000000","0.00000000"],["89254.38000000","0.00000000"],["89254.53000000","0.00000000"],["89254.61000000","0.00000000"],["89254.80000000","0.00000000"],["89255.64000000","0.00000000"],["89256.00000000","0.00000000"],["89256.42000000","0.00000000"],["89256.56000000","0.00000000"],["89256.82000000","0.00000000"],["89256.91000000","1.10788000"],["89256.92000000","0.00006000"],["89256.96000000","0.00006000"],["89256.97000000","0.00000000"],["89257.04000000","0.00000000"],["89257.17000000","0.00000000"],["89257.26000000","0.00006000"],["89257.48000000","0.00000000"],["89257.60000000","0.00000000"],["89257.62000000","0.00000000"],["89257.63000000","0.00042000"],["89257.64000000","0.00000000"],["89257.71000000","0.00006000"],["89257.92000000","0.00000000"],["89257.96000000","0.00000000"],["89257.97000000","0.00000000"],["89257.98000000","0.00006000"],["89258.00000000","0.00000000"],["89258.31000000","0.00006000"],["89258.48000000","0.00000000"],["89258.59000000","0.00600000"],["89258.88000000","0.00000000"],["89259.08000000","0.00000000"],["89259.21000000","0.00006000"],["89259.52000000","0.00000000"],["89259.71000000","0.00000000"],["89259.72000000","0.00000000"],["89259.83000000","0.00000000"],["89259.91000000","0.00000000"],["89259.95000000","0.00000000"],["89259.98000000","0.00000000"],["89260.00000000","0.00000000"],["89260.08000000","0.00000000"],["89260.14000000","0.00000000"],["89260.21000000","0.00000000"],["89260.41000000","0.00006000"],["89260.46000000","0.00000000"],["89260.69000000","0.00000000"],["89261.01000000","0.00000000"],["89261.37000000","0.00150000"],["89261.41000000","0.00000000"],["89261.66000000","0.01095000"],["89261.72000000","0.00000000"],["89261.79000000","0.00500000"],["89261.80000000","0.00012000"],["89261.81000000","0.02584000"],["89261.98000000","0.00012000"],["89261.99000000","0.01000000"],["89262.00000000","0.00000000"],["89262.16000000","0.00000000"],["89262.18000000","0.00000000"],["89262.34000000","0.00000000"],["89262.36000000","0.05262000"],["89262.37000000","0.04069000"],["89262.38000000","0.17521000"],["89262.39000000","0.00015000"],["89262.40000000","0.00009000"],["89262.41000000","0.00000000"],["89262.43000000","0.00000000"],["89262.54000000","0.00012000"],["89262.55000000","0.53551000"],["89262.56000000","0.00000000"],["89262.61000000","0.00000000"],["89262.73000000","0.00000000"],["89262.88000000","0.00006000"],["89263.18000000","0.00000000"],["89263.29000000","0.00306000"],["89263.78000000","0.00000000"],["89264.00000000","0.00186000"],["89264.16000000","0.00006000"],["89264.17000000","0.00096000"],["89264.19000000","0.00000000"],["89264.20000000","0.00000000"],["89264.21000000","0.03306000"],["89264.28000000","0.00263000"],["89264.33000000","0.00006000"],["89264.48000000","0.05607000"],["89264.68000000","0.00000000"],["89264.76000000","0.00006000"],["89264.78000000","0.00006000"],["89264.93000000","0.00000000"],["89265.51000000","0.11000000"],["89265.56000000","0.05236000"],["89265.71000000","0.00000000"],["89265.85000000","1.37105000"],["89265.86000000","0.00000000"],["89265.87000000","0.00000000"],["89265.88000000","0.00000000"],["89266.09000000","0.00000000"],["89266.45000000","0.02000000"],["89266.80000000","0.00140000"],["89266.85000000","0.00000000"],["89267.49000000","0.00000000"],["89268.51000000","0.08727000"],["89268.99000000","0.80548000"],["89269.00000000","0.00000000"],["89269.02000000","0.00000000"],["89269.12000000","0.00150000"],["89270.35000000","0.00000000"],["89270.36000000","0.75607000"],["89270.88000000","0.00250000"],["89270.90000000","0.00000000"],["89270.91000000","0.00113000"],["89271.19000000","0.00000000"],["89271.20000000","0.00000000"],["89272.16000000","0.80548000"],["89272.18000000","0.00000000"],["89273.43000000","0.00000000"],["89273.58000000","0.00000000"],["89273.97000000","0.00000000"],["89274.10000000","0.00007000"],["89274.24000000","0.00000000"],["89274.46000000","0.00250000"],["89276.61000000","0.00560000"],["89277.56000000","0.86153000"],["89277.99000000","0.00000000"],["89278.04000000","0.00250000"],["89278.85000000","0.00000000"],["89279.65000000","0.00459000"],["89279.99000000","0.00000000"],["89280.96000000","0.00000000"],["89281.46000000","0.00000000"],["89281.62000000","0.00000000"],["89281.75000000","0.05600000"],["89281.82000000","0.00000000"],["89282.31000000","0.00000000"],["89283.17000000","0.00000000"],["89283.56000000","0.00000000"],["89284.24000000","0.00000000"],["89285.96000000","0.00113000"],["89286.49000000","0.00560000"],["89287.11000000","0.02800000"],["89287.95000000","0.04480000"],["89287.96000000","0.00041000"],["89293.53000000","0.03966000"],["89293.66000000","0.00006000"],["89295.41000000","0.00000000"],["89296.75000000","0.00111000"],["89297.14000000","0.00000000"],["89298.66000000","0.05519000"],["89299.62000000","0.00000000"],["89300.83000000","0.00000000"],["89301.19000000","0.40309000"],["89304.20000000","0.00000000"],["89306.84000000","0.03996000"],["89308.30000000","0.00000000"],["89309.01000000","0.00000000"],["89309.92000000","0.00000000"],["89314.85000000","0.03400000"],["89318.30000000","0.09204000"],["89319.95000000","0.00000000"],["89322.00000000","0.02732000"],["89325.83000000","0.00279000"],["89327.56000000","0.00000000"],["89327.99000000","0.00000000"],["89328.66000000","0.00000000"],["89334.64000000","0.00279000"],["89336.30000000","0.00279000"],["89349.10000000","0.17329000"],["89355.24000000","0.00007000"],["89393.43000000","0.27956000"],["89400.12000000","0.04498000"],["89400.18000000","0.04498000"],["89416.19000000","0.00000000"],["89417.29000000","0.00000000"],["89423.99000000","0.00112000"],["89425.99000000","0.00112000"],["89518.77000000","0.00012000"],["89523.23000000","0.00012000"],["89526.75000000","0.00012000"],["89531.21000000","0.00012000"],["90589.56000000","0.00000000"]]}}
{"stream":"btcusdt@depth@100ms","data":{"e":"depthUpdate","E":1765107349314,"s":"BTCUSDT","U":82626888263,"u":82626888501,"b":[["89256.90000000","4.61083000"],["89256.89000000","0.00093000"],["89255.99000000","0.00039000"],["89255.53000000","0.00623000"],["89255.04000000","0.00012000"],["89255.03000000","0.12301000"],["89255.02000000","0.36975000"],["89254.52000000","0.00012000"],["89253.72000000","0.00000000"],["89253.70000000","0.00000000"],["89252.98000000","0.00256000"],["89252.86000000","0.00000000"],["89252.85000000","0.02012000"],["89252.83000000","0.03020000"],["89252.64000000","0.01139000"],["89251.60000000","0.00224000"],["89251.24000000","0.00006000"],["89251.02000000","0.00012000"],["89251.01000000","0.05218000"],["89251.00000000","0.12106000"],["89250.79000000","0.00000000"],["89250.78000000","0.02492000"],["89250.77000000","0.00000000"],["89250.42000000","0.00000000"],["89249.40000000","0.00256000"],["89248.05000000","0.00018000"],["89246.77000000","0.00051000"],["89245.70000000","0.01106000"],["89245.41000000","0.00000000"],["89245.40000000","0.00006000"],["89244.53000000","0.00300000"],["89243.46000000","0.01271000"],["89243.42000000","0.00000000"],["89242.85000000","0.00000000"],["89242.80000000","0.03000000"],["89242.24000000","0.00250000"],["89241.92000000","0.03000000"],["89241.90000000","0.06000000"],["89241.20000000","0.00000000"],["89237.41000000","0.04254000"],["89236.57000000","0.05601000"],["89231.27000000","0.00000000"],["89230.12000000","0.00000000"],["89222.33000000","0.00000000"],["89221.75000000","0.00000000"],["89220.99000000","0.00000000"],["89209.64000000","0.03941000"],["89208.33000000","0.40351000"],["89204.93000000","0.00000000"],["89195.63000000","0.16817000"],["89193.94000000","0.07070000"],["88997.65000000","0.00000000"]],"a":[["89256.91000000","1.01015000"],["89256.92000000","0.00024000"],["89257.63000000","0.00030000"],["89258.59000000","0.00030000"],["89258.63000000","0.00600000"],["89259.78000000","0.21894000"],["89259.79000000","0.36967000"],["89260.01000000","0.01271000"],["89261.37000000","0.00165000"],["89261.65000000","0.00000000"],["89261.66000000","0.00027000"],["89261.71000000","0.01127000"],["89261.79000000","0.00512000"],["89261.80000000","0.00012000"],["89261.81000000","0.02602000"],["89261.98000000","0.00000000"],["89261.99000000","0.01012000"],["89262.34000000","0.00012000"],["89262.35000000","0.00000000"],["89262.36000000","0.00024000"],["89262.37000000","0.00012000"],["89262.38000000","0.13506000"],["89262.39000000","0.00000000"],["89262.40000000","0.00000000"],["89262.53000000","0.00000000"],["89262.54000000","0.00000000"],["89262.55000000","0.53557000"],["89264.00000000","0.00180000"],["89264.28000000","0.00257000"],["89264.48000000","0.00000000"],["89264.76000000","0.00000000"],["89269.23000000","0.00000000"],["89269.39000000","0.05601000"],["89292.76000000","0.03996000"],["89298.66000000","0.00000000"],["89302.85000000","0.31063000"],["89305.98000000","0.40307000"],["89306.84000000","0.00000000"],["89318.30000000","0.09116000"],["89531.21000000","0.00000000"]]}}
{"stream":"btcusdt@depth@100ms","data":{"e":"depthUpdate","E":1765107349414,"s":"BTCUSDT","U":82626888502,"u":82626888576,"b":[["89256.90000000","4.61114000"],["89256.89000000","0.00105000"],["89255.99000000","0.00033000"],["89255.88000000","0.00012000"],["89255.87000000","0.05601000"],["89254.52000000","0.00006000"],["89252.85000000","0.02012000"],["89252.84000000","0.00012000"],["89252.64000000","0.01139000"],["89251.01000000","0.05206000"],["89250.78000000","0.02467000"],["89248.06000000","0.00000000"],["89245.45000000","0.03000000"],["89245.24000000","0.12615000"],["89244.55000000","0.03006000"],["89241.28000000","0.00007000"],["89225.46000000","0.00000000"]],"a":[["89256.91000000","1.19883000"],["89256.92000000","0.00024000"],["89257.63000000","0.00024000"],["89258.59000000","0.00024000"],["89258.63000000","0.00615000"],["89259.77000000","0.00012000"],["89259.78000000","0.21915000"],["89259.79000000","0.36979000"],["89260.01000000","0.01283000"],["89261.37000000","0.00156000"],["89261.66000000","0.00006000"],["89261.71000000","0.01133000"],["89261.81000000","0.02596000"],["89261.99000000","0.01006000"],["89262.34000000","0.00000000"],["89262.36000000","0.00000000"],["89262.37000000","0.00012000"],["89262.54000000","0.00006000"],["89262.55000000","0.53551000"],["89264.33000000","0.00000000"]]}}
{"stream":"btcusdt@depth@100ms","data":{"e":"depthUpdate","E":1765107349514,"s":"BTCUSDT","U":82626888577,"u":82626888636,"b":[["89256.90000000","4.61123000"],["89256.89000000","0.00111000"],["89255.99000000","0.00039000"],["89255.87000000","0.00009000"],["89255.84000000","0.00006000"],["89255.03000000","0.12292000"],["89252.24000000","0.00006000"],["89252.23000000","0.03362000"],["89251.02000000","0.00006000"],["89250.78000000","0.01765000"],["89249.58000000","0.00000000"],["89247.80000000","0.00000000"],["89245.24000000","0.12609000"],["89244.55000000","0.03000000"],["89226.39000000","0.40343000"],["89210.18000000","0.00000000"],["89208.33000000","0.00000000"],["89200.00000000","0.28420000"],["71406.00000000","0.00160000"],["71405.52000000","0.00028000"]],"a":[["89256.91000000","1.19892000"],["89256.92000000","0.00024000"],["89257.63000000","0.00006000"],["89258.59000000","0.00012000"],["89258.63000000","0.00630000"],["89259.77000000","0.13610000"],["89259.78000000","0.00036000"],["89259.79000000","0.00021000"],["89259.84000000","0.00012000"],["89259.85000000","0.03362000"],["89260.00000000","0.00000000"],["89260.01000000","0.01292000"],["89260.30000000","0.00006000"],["89261.37000000","0.00150000"],["89261.71000000","0.01139000"],["89263.14000000","0.36966000"],["89273.10000000","0.18777000"],["89281.91000000","0.00300000"]]}}
{"stream":"btcusdt@depth@100ms","data":{"e":"depthUpdate","E":1765107349614,"s":"BTCUSDT","U":82626888637,"u":82626888696,"b":[["89256.90000000","4.61817000"],["89256.89000000","0.00105000"],["89255.99000000","0.00033000"],["89255.88000000","0.00000000"],["89255.87000000","0.00000000"],["89255.69000000","0.05601000"],["89255.03000000","0.12301000"],["89252.64000000","0.01145000"],["89252.24000000","0.00012000"],["89155.40000000","0.00062000"],["89150.79000000","0.00000000"],["71405.52000000","0.00000000"]],"a":[["89256.91000000","1.19898000"],["89257.63000000","0.00000000"],["89258.63000000","0.00636000"],["89259.76000000","0.00012000"],["89259.77000000","0.17218000"],["89259.78000000","0.00021000"],["89259.79000000","0.00000000"],["89259.85000000","0.03377000"],["89260.00000000","0.00012000"],["89260.01000000","0.01283000"],["89260.78000000","0.00012000"],["89260.79000000","0.36967000"],["89261.70000000","0.00000000"],["89262.37000000","0.00000000"],["89262.54000000","0.00000000"],["89263.14000000","0.00000000"],["89271.88000000","0.12721000"]]}}
{"stream":"btcusdt@depth@100ms","data":{"e":"depthUpdate","E":1765107349714,"s":"BTCUSDT","U":82626888697,"u":82626888771,"b":[["89256.90000000","3.55335000"],["89256.89000000","0.00123000"],["89256.35000000","0.00012000"],["89256.34000000","0.00000000"],["89255.99000000","0.00033000"],["89255.70000000","0.00012000"],["89255.69000000","0.05616000"],["89255.03000000","0.12292000"],["89252.85000000","0.02018000"],["89252.24000000","0.00000000"],["89251.02000000","0.00000000"],["89249.77000000","0.05176000"],["89248.76000000","0.00000000"],["89239.02000000","0.16817000"],["89235.34000000","0.00000000"],["89231.11000000","0.00000000"],["89203.97000000","0.16810000"],["89128.61000000","0.04391000"],["89100.01000000","0.19023000"],["80331.00000000","0.00010000"],["80330.00000000","0.00010000"],["80325.00000000","0.00256000"]],"a":[["89256.91000000","1.69805000"],["89257.00000000","0.00000000"],["89257.02000000","0.00603000"],["89259.77000000","0.17224000"],["89259.78000000","0.00006000"],["89259.85000000","0.03383000"],["89260.01000000","0.01292000"],["89260.79000000","0.36979000"],["89261.71000000","0.01133000"],["89262.38000000","0.00000000"],["89265.84000000","0.80548000"],["89270.86000000","0.16810000"],["89303.94000000","0.05453000"],["89311.50000000","0.00006000"],["89330.23000000","0.16906000"]]}}
{"stream":"btcusdt@depth@100ms","data":{"e":"depthUpdate","E":1765107349814,"s":"BTCUSDT","U":82626888772,"u":82626888811,"b":[["89256.90000000","3.72152000"],["89256.89000000","0.00123000"],["89256.35000000","0.00000000"],["89256.29000000","0.00012000"],["89256.28000000","0.02480000"],["89255.99000000","0.00039000"],["89252.24000000","0.00000000"],["89250.78000000","0.01771000"],["89249.40000000","0.00250000"],["89242.43000000","0.00006000"],["89239.02000000","0.00000000"],["89195.63000000","0.00000000"],["89194.58000000","0.17317000"],["80331.00000000","0.00000000"]],"a":[["89256.91000000","1.69814000"],["89256.92000000","0.00030000"],["89257.02000000","0.00627000"],["89258.55000000","0.00012000"],["89258.56000000","0.01022000"],["89258.63000000","0.00630000"],["89259.77000000","0.17215000"],["89260.01000000","0.01283000"],["89261.80000000","0.00000000"],["89261.99000000","0.01000000"],["89500.04000000","0.15723000"]]}}
{"stream":"btcusdt@depth@100ms","data":{"e":"depthUpdate","E":1765107349915,"s":"BTCUSDT","U":82626888812,"u":82626888845,"b":[["89256.90000000","3.72167000"],["89256.89000000","0.00123000"],["89256.28000000","0.02513000"],["89255.99000000","0.00021000"],["89255.53000000","0.00614000"],["89252.85000000","0.02012000"],["89250.78000000","0.00651000"],["89234.46000000","0.00466000"],["89051.11000000","0.00000000"]],"a":[["89256.91000000","1.69823000"],["89256.92000000","0.00048000"],["89257.02000000","0.00627000"],["89258.56000000","0.01043000"],["89258.63000000","0.00621000"],["89259.77000000","0.17206000"],["89259.85000000","0.03374000"],["89260.79000000","0.36973000"],["89261.81000000","0.02590000"],["89450.51000000","0.00000000"]]}}
{"stream":"btcusdt@depth@100ms","data":{"e":"depthUpdate","E":1765107350014,"s":"BTCUSDT","U":82626888846,"u":82626888853,"b":[["89256.28000000","0.02513000"],["89255.99000000","0.00012000"],["89255.53000000","0.00623000"],["89170.02000000","0.00279000"],["89164.01000000","0.00000000"],["80331.00000000","0.00010000"],["71405.52000000","0.00028000"]],"a":[["89407.99000000","0.00000000"],["89413.99000000","0.00112000"]]}}
{"stream":"btcusdt@depth@100ms","data":{"e":"depthUpdate","E":1765107350114,"s":"BTCUSDT","U":82626888854,"u":82626888863,"b":[["89256.90000000","3.72161000"],["89254.94000000","0.00006000"],["89151.92000000","0.02584000"],["89122.44000000","0.00000000"],["89057.08000000","5.14968000"],["80331.00000000","0.00020000"]],"a":[["89261.81000000","0.00006000"],["89289.04000000","0.02584000"],["89319.11000000","0.00000000"],["89451.09000000","5.01045000"],["90595.77000000","0.00100000"]]}}
{"stream":"btcusdt@depth@100ms","data":{"e":"depthUpdate","E":1765107350214,"s":"BTCUSDT","U":82626888864,"u":82626888874,"b":[["89245.40000000","0.00000000"],["89235.60000000","0.00000000"],["87918.04000000","0.00100000"],["80331.00000000","0.00000000"],["71405.52000000","0.00000000"]],"a":[["89256.91000000","1.83332000"],["89261.79000000","0.00506000"],["89277.56000000","0.80548000"]]}}
{"stream":"btcusdt@depth@100ms","data":{"e":"depthUpdate","E":1765107350315,"s":"BTCUSDT","U":82626888875,"u":82626888887,"b":[["89256.90000000","3.55260000"],["89238.91000000","0.16817000"],["89234.46000000","0.00007000"],["89072.28000000","0.00000000"],["80330.00000000","0.00010000"]],"a":[["89256.91000000","1.69823000"],["89302.24000000","0.01754000"],["89321.89000000","0.00000000"],["89323.35000000","0.00000000"],["89341.61000000","0.00700000"]]}}
{"stream":"btcusdt@depth@100ms","data":{"e":"depthUpdate","E":1765107350414,"s":"BTCUSDT","U":82626888888,"u":82626888903,"b":[["89256.90000000","3.55260000"],["89256.89000000","0.00123000"],["89252.23000000","0.00000000"],["89252.22000000","0.03362000"],["89184.02000000","0.00000000"],["89183.46000000","0.00015000"],["89182.27000000","0.00000000"],["89179.15000000","0.00279000"],["89092.94000000","0.00000000"],["89090.02000000","0.00112000"],["89080.75000000","0.00112000"],["89074.66000000","0.00000000"]],"a":[["89275.25000000","0.00560000"],["89276.61000000","0.00000000"],["89284.08000000","0.00560000"],["89286.49000000","0.00000000"],["89302.24000000","0.00000000"],["89325.89000000","0.01754000"],["89332.89000000","0.00280000"],["89336.30000000","0.00000000"],["89423.06000000","0.00112000"],["89425.99000000","0.00000000"]]}}
{"stream":"btcusdt@depth@100ms","data":{"e":"depthUpdate","E":1765107350514,"s":"BTCUSDT","U":82626888904,"u":82626888909,"b":[["89252.64000000","0.01139000"],["89234.43000000","0.00459000"],["89128.32000000","0.00007000"],["71406.00000000","0.00460000"],["71405.52000000","0.00028000"]],"a":[["89307.66000000","0.00007000"]]}}
{"stream":"btcusdt@depth@100ms","data":{"e":"depthUpdate","E":1765107350614,"s":"BTCUSDT","U":82626888910,"u":82626888945,"b":[["89256.90000000","3.72002000"],["89256.89000000","0.00117000"],["89255.70000000","0.00000000"],["89255.69000000","0.00015000"],["89254.78000000","0.05601000"],["89252.23000000","0.00006000"],["89252.05000000","0.04980000"],["89249.77000000","0.00000000"],["89238.91000000","0.00000000"],["89196.47000000","0.16817000"],["89194.58000000","0.00500000"],["71406.00000000","0.00160000"],["71405.52000000","0.00000000"]],"a":[["89256.91000000","1.69815000"],["89257.02000000","0.00024000"],["89275.25000000","0.00000000"],["89275.78000000","0.00560000"]]}}
{"stream":"btcusdt@depth@100ms","data":{"e":"depthUpdate","E":1765107350714,"s":"BTCUSDT","U":82626888946,"u":82626889006,"b":[["89256.90000000","3.55748000"],["89256.89000000","0.00129000"],["89256.28000000","0.02513000"],["89255.99000000","0.00006000"],["89255.69000000","0.00000000"],["89255.03000000","0.12307000"],["89255.02000000","0.36975000"],["89254.79000000","0.00012000"],["89254.78000000","0.05607000"],["89252.65000000","0.06785000"],["89252.64000000","0.01145000"],["89252.23000000","0.00000000"],["89252.22000000","0.03368000"],["89251.01000000","0.00006000"],["89250.78000000","0.00645000"],["89248.15000000","0.35003000"],["89238.80000000","0.16817000"],["89234.43000000","0.00000000"],["89115.03000000","0.22452000"],["80330.00000000","0.00010000"],["32132.49000000","0.00019000"]],"a":[["89256.91000000","1.69815000"],["89256.92000000","0.00048000"],["89257.02000000","0.00006000"],["89258.56000000","0.01052000"],["89259.40000000","0.00006000"],["89259.77000000","0.17221000"],["89261.99000000","0.01006000"],["89325.89000000","0.00000000"]]}}
{"stream":"btcusdt@depth@100ms","data":{"e":"depthUpdate","E":1765107350814,"s":"BTCUSDT","U":82626889007,"u":82626889015,"b":[["89251.24000000","0.00000000"],["89236.57000000","0.00000000"],["89235.59000000","0.05601000"],["89234.56000000","0.00459000"]],"a":[["89256.92000000","0.00042000"],["89261.71000000","0.01098000"],["89269.39000000","0.00000000"],["89429.28000000","0.00000000"]]}}
{"stream":"btcusdt@depth@100ms","data":{"e":"depthUpdate","E":1765107350914,"s":"BTCUSDT","U":82626889016,"u":82626889022,"b":[["89252.83000000","0.03026000"],["89245.45000000","0.03006000"],["80331.00000000","0.00010000"]],"a":[["89260.79000000","0.00006000"],["89261.71000000","0.01136000"],["89263.12000000","0.36966000"]]}}
{"stream":"btcusdt@depth@100ms","data":{"e":"depthUpdate","E":1765107351014,"s":"BTCUSDT","U":82626889023,"u":82626889044,"b":[["80331.00000000","0.00000000"],["71405.52000000","0.00028000"]],"a":[["89256.91000000","1.69815000"],["89259.77000000","0.02276000"],["89260.01000000","0.01283000"],["89260.78000000","0.00000000"],["89260.79000000","0.00000000"],["89261.70000000","0.00006000"],["89262.54000000","0.00000000"],["89262.55000000","0.78094000"],["89499.86000000","0.00000000"]]}}
{"stream":"btcusdt@depth@100ms","data":{"e":"depthUpdate","E":1765107351114,"s":"BTCUSDT","U":82626889045,"u":82626889075,"b":[["89256.90000000","3.55718000"],["89256.89000000","0.00099000"],["89253.16000000","0.00006000"],["89245.70000000","0.00006000"],["89190.00000000","0.13212000"],["80331.00000000","0.00000000"],["33000.00000000","5.69301000"]],"a":[["89256.91000000","1.56339000"],["89256.92000000","0.00054000"],["89260.30000000","0.00000000"],["89261.71000000","0.00006000"],["89265.84000000","0.94048000"],["89284.08000000","0.00000000"],["89285.06000000","0.00560000"],["89287.11000000","0.00000000"],["89287.94000000","0.02800000"],["90595.77000000","0.00100000"]]}}
{"stream":"btcusdt@depth@100ms","data":{"e":"depthUpdate","E":1765107351214,"s":"BTCUSDT","U":82626889076,"u":82626889109,"b":[["89256.90000000","3.55890000"],["89256.89000000","0.00093000"],["89246.43000000","0.00000000"],["89245.45000000","0.03000000"],["89240.99000000","0.00000000"],["87918.04000000","0.00100000"],["80331.00000000","0.00020000"],["80330.00000000","0.00010000"],["71405.52000000","0.00000000"],["32132.49000000","0.00038000"]],"a":[["89256.91000000","1.56333000"],["89256.92000000","0.00055000"],["89258.63000000","0.00021000"],["89258.82000000","0.00601000"],["89260.01000000","0.01283000"],["89261.70000000","0.00000000"],["89261.71000000","0.00000000"],["89261.82000000","0.01120000"],["89261.98000000","0.00006000"],["89263.12000000","0.36972000"],["89313.69000000","0.03400000"],["89314.85000000","0.00000000"]]}}
{"stream":"btcusdt@depth@100ms","data":{"e":"depthUpdate","E":1765107351314,"s":"BTCUSDT","U":82626889110,"u":82626889171,"b":[["89256.90000000","3.55735000"],["89256.89000000","0.00063000"],["89246.81000000","0.00187000"],["89234.56000000","0.00000000"],["80331.00000000","0.00000000"]],"a":[["89256.91000000","1.56309000"],["89256.92000000","0.00043000"],["89258.56000000","0.01052000"],["89258.63000000","0.00006000"],["89258.82000000","0.00015000"],["89260.01000000","0.01283000"],["89261.79000000","0.00506000"],["89261.81000000","0.00006000"],["89261.82000000","0.01098000"],["89263.12000000","0.36966000"]]}}
{"stream":"btcusdt@depth@100ms","data":{"e":"depthUpdate","E":1765107351414,"s":"BTCUSDT","U":82626889172,"u":82626889195,"b":[["89256.90000000","3.72740000"],["89247.66000000","0.00073000"],["89246.81000000","0.00000000"],["89234.26000000","0.00459000"],["89196.47000000","0.00000000"]],"a":[["89258.56000000","0.01052000"],["89258.59000000","0.00006000"],["89258.82000000","0.00595000"],["89259.85000000","0.03383000"],["89261.79000000","0.00512000"],["89261.81000000","0.00012000"],["89263.12000000","0.36972000"],["89265.10000000","0.03906000"],["89267.75000000","0.05601000"],["89313.69000000","0.00000000"],["89314.00000000","0.00220000"],["89314.08000000","0.03400000"]]}}
{"stream":"btcusdt@depth@100ms","data":{"e":"depthUpdate","E":1765107351514,"s":"BTCUSDT","U":82626889196,"u":82626889217,"b":[["89256.90000000","3.55735000"],["89247.66000000","0.00067000"],["89238.80000000","0.00000000"],["89238.72000000","0.16817000"],["89196.61000000","0.16817000"],["89190.00000000","0.00212000"],["89078.21000000","1.33120000"],["89072.31000000","0.00000000"],["71406.00000000","0.00160000"],["71405.52000000","0.00028000"]],"a":[["89258.56000000","0.01052000"],["89258.82000000","0.00610000"],["89259.85000000","0.03374000"],["89263.12000000","0.36966000"]]}}
{"stream":"btcusdt@depth@100ms","data":{"e":"depthUpdate","E":1765107351614,"s":"BTCUSDT","U":82626889218,"u":82626889223,"b":[["89256.90000000","3.56835000"],["89247.88000000","0.01271000"],["89247.13000000","0.00189000"],["89243.46000000","0.00000000"],["89234.26000000","0.00000000"],["71405.52000000","0.00000000"]],"a":[]}}
{"stream":"btcusdt@depth@100ms","data":{"e":"depthUpdate","E":1765107351714,"s":"BTCUSDT","U":82626889224,"u":82626889233,"b":[["89247.13000000","0.00000000"],["89247.01000000","0.00189000"],["89245.49000000","0.00000000"],["89234.72000000","0.00459000"],["89119.13000000","0.04625000"]],"a":[["89256.91000000","1.69809000"],["89267.75000000","0.00000000"],["89314.08000000","0.00000000"],["89314.24000000","0.03400000"],["89703.80000000","0.00000000"]]}}
{"stream":"btcusdt@depth@100ms","data":{"e":"depthUpdate","E":1765107351814,"s":"BTCUSDT","U":82626889234,"u":82626889249,"b":[["89256.90000000","3.57026000"],["89249.10000000","0.00007000"],["89247.97000000","0.00144000"],["89247.66000000","0.00073000"],["89247.08000000","0.00000000"],["89247.01000000","0.00000000"],["89234.72000000","0.00000000"],["89214.00000000","0.00100000"],["89212.00000000","0.03100000"],["89210.00000000","0.00100000"],["89208.00000000","0.00100000"],["89206.00000000","0.00100000"],["89190.54000000","0.00000000"]],"a":[["89258.82000000","0.00015000"],["89261.82000000","0.00006000"]]}}
{"stream":"btcusdt@depth@100ms","data":{"e":"depthUpdate","E":1765107351914,"s":"BTCUSDT","U":82626889250,"u":82626889292,"b":[["89256.90000000","3.56960000"],["89247.66000000","0.00067000"],["89234.57000000","0.00459000"]],"a":[["89256.91000000","1.56345000"],["89258.56000000","0.01052000"],["89258.82000000","0.00000000"],["89259.85000000","0.03383000"],["89260.01000000","0.01283000"],["89261.79000000","0.00506000"],["89261.81000000","0.00006000"],["89261.82000000","0.01103000"],["89263.12000000","0.36972000"],["89264.21000000","0.03312000"],["89265.84000000","0.13500000"],["89270.36000000","0.00000000"],["89272.31000000","0.75605000"],["89275.78000000","0.00000000"],["89276.61000000","0.00560000"],["91042.04000000","0.55016000"]]}}
{"stream":"btcusdt@depth@100ms","data":{"e":"depthUpdate","E":1765107352014,"s":"BTCUSDT","U":82626889293,"u":82626889305,"b":[["71405.52000000","0.00028000"]],"a":[["89256.91000000","1.56351000"],["89259.85000000","0.03383000"],["89260.01000000","0.01283000"],["89261.79000000","0.00506000"],["89261.81000000","0.00012000"],["89261.82000000","0.01109000"],["89264.21000000","0.03306000"]]}}
{"stream":"btcusdt@depth@100ms","data":{"e":"depthUpdate","E":1765107352114,"s":"BTCUSDT","U":82626889306,"u":82626889333,"b":[["89256.90000000","3.57026000"],["89119.13000000","0.00000000"],["89116.18000000","0.00000000"]],"a":[["89256.91000000","1.56315000"],["89275.25000000","0.00560000"],["89276.61000000","0.00000000"],["89283.99000000","0.00560000"],["89285.06000000","0.00000000"],["89400.18000000","0.00000000"],["90595.77000000","0.00100000"]]}}
{"stream":"btcusdt@depth@100ms","data":{"e":"depthUpdate","E":1765107352214,"s":"BTCUSDT","U":82626889334,"u":82626889349,"b":[["89256.90000000","3.56835000"],["89247.08000000","0.00190000"],["89247.07000000","0.00000000"],["87918.04000000","0.00100000"],["71405.52000000","0.00000000"]],"a":[["89256.91000000","1.71315000"],["89275.25000000","0.00000000"],["89275.78000000","0.00560000"],["89288.82000000","0.00000000"],["89292.10000000","0.20164000"]]}}
{"stream":"btcusdt@depth@100ms","data":{"e":"depthUpdate","E":1765107352314,"s":"BTCUSDT","U":82626889350,"u":82626889356,"b":[["89194.00000000","0.00180000"],["89192.00000000","0.00180000"],["89190.00000000","0.00292000"],["89188.00000000","0.00180000"],["89186.00000000","0.00180000"],["80331.00000000","0.00000000"]],"a":[]}}
{"stream":"btcusdt@depth@100ms","data":{"e":"depthUpdate","E":1765107352414,"s":"BTCUSDT","U":82626889357,"u":82626889369,"b":[["89256.90000000","3.57025000"],["89256.89000000","0.00069000"],["89252.22000000","0.00006000"],["89252.04000000","0.03362000"],["89247.08000000","0.00000000"],["89247.03000000","0.00000000"],["89078.39000000","0.00035000"],["87756.90000000","0.00000000"]],"a":[["89269.46000000","0.05601000"]]}}
{"stream":"btcusdt@depth@100ms","data":{"e":"depthUpdate","E":1765107352514,"s":"BTCUSDT","U":82626889370,"u":82626889384,"b":[["89256.90000000","3.56835000"],["89252.89000000","0.00045000"],["89252.64000000","0.01139000"],["89252.05000000","0.04986000"],["89237.40000000","0.00000000"],["89190.00000000","0.13292000"],["71405.52000000","0.00028000"]],"a":[["89258.82000000","0.00605000"],["89261.79000000","0.00512000"],["89265.34000000","0.00118000"],["89270.29000000","0.00090000"],["89283.99000000","0.00000000"],["89284.62000000","0.00560000"],["89435.41000000","0.00035000"]]}}
{"stream":"btcusdt@depth@100ms","data":{"e":"depthUpdate","E":1765107352615,"s":"BTCUSDT","U":82626889385,"u":82626889398,"b":[["89256.90000000","3.57023000"],["89245.70000000","0.00000000"],["71405.52000000","0.00000000"],["60000.00000000","197.98414000"]],"a":[["89258.56000000","0.01052000"],["89258.82000000","0.00620000"],["89259.85000000","0.03374000"],["89263.12000000","0.36966000"]]}}
{"stream":"btcusdt@depth@100ms","data":{"e":"depthUpdate","E":1765107352714,"s":"BTCUSDT","U":82626889399,"u":82626889401,"b":[["89256.90000000","3.57022000"],["89121.95000000","0.04300000"]],"a":[]}}
{"stream":"btcusdt@depth@100ms","data":{"e":"depthUpdate","E":1765107352814,"s":"BTCUSDT","U":82626889402,"u":82626889404,"b":[["89256.90000000","3.57022000"],["89234.57000000","0.00000000"]],"a":[]}}
{"stream":"btcusdt@depth@100ms","data":{"e":"depthUpdate","E":1765107352914,"s":"BTCUSDT","U":82626889405,"u":82626889411,"b":[["89256.90000000","3.73652000"],["89247.14000000","0.00190000"],["89238.72000000","0.00000000"],["89234.46000000","0.00466000"],["89196.61000000","0.00000000"],["89194.65000000","0.16817000"]],"a":[]}}
{"stream":"btcusdt@depth@100ms","data":{"e":"depthUpdate","E":1765107353014,"s":"BTCUSDT","U":82626889412,"u":82626889414,"b":[["89256.90000000","3.73839000"],["89247.14000000","0.00000000"],["71405.52000000","0.00028000"]],"a":[]}}
{"stream":"btcusdt@depth@100ms","data":{"e":"depthUpdate","E":1765107353114,"s":"BTCUSDT","U":82626889415,"u":82626889419,"b":[["89256.90000000","3.73843000"],["60000.00000000","197.98404000"]],"a":[["90595.77000000","0.00100000"]]}}
{"stream":"btcusdt@depth@100ms","data":{"e":"depthUpdate","E":1765107353214,"s":"BTCUSDT","U":82626889420,"u":82626889428,"b":[["89256.90000000","3.57025000"],["89245.44000000","0.00007000"],["89238.85000000","0.16817000"],["89194.20000000","0.00000000"],["87918.04000000","0.00100000"],["71405.52000000","0.00000000"]],"a":[]}}
{"stream":"btcusdt@depth@100ms","data":{"e":"depthUpdate","E":1765107353315,"s":"BTCUSDT","U":82626889429,"u":82626889441,"b":[["89256.90000000","3.56423000"],["89256.89000000","0.00075000"],["89252.64000000","0.00006000"],["89251.44000000","0.01143000"],["89247.13000000","0.00000000"],["89234.46000000","0.00007000"]],"a":[["89260.53000000","0.36967000"],["89263.12000000","0.00000000"]]}}
{"stream":"btcusdt@depth@100ms","data":{"e":"depthUpdate","E":1765107353414,"s":"BTCUSDT","U":82626889442,"u":82626889465,"b":[["89256.90000000","3.56223000"],["89256.89000000","0.00063000"],["89255.53000000","0.00015000"],["89252.85000000","0.02006000"],["89251.44000000","0.00000000"],["89251.09000000","0.01145000"],["89246.95000000","0.00192000"],["89234.40000000","0.00459000"]],"a":[["89256.91000000","1.71315000"],["89259.77000000","0.13013000"],["89260.01000000","0.01283000"],["89260.52000000","0.00006000"],["89260.53000000","0.36973000"],["89261.81000000","0.00006000"],["89261.98000000","0.00000000"],["89262.55000000","0.53551000"]]}}
{"stream":"btcusdt@depth@100ms","data":{"e":"depthUpdate","E":1765107353514,"s":"BTCUSDT","U":82626889466,"u":82626889480,"b":[["89256.90000000","3.56238000"],["89256.89000000","0.00069000"],["89256.28000000","0.02513000"],["89255.99000000","0.00000000"],["89255.53000000","0.00006000"],["89255.02000000","0.36984000"],["89235.59000000","0.00000000"],["89216.43000000","0.05601000"],["80331.00000000","0.00000000"],["71405.52000000","0.00028000"],["32132.49000000","0.00057000"]],"a":[["89269.46000000","0.00000000"]]}}
{"stream":"btcusdt@depth@100ms","data":{"e":"depthUpdate","E":1765107353614,"s":"BTCUSDT","U":82626889481,"u":82626889483,"b":[["89216.43000000","0.00000000"],["82110.72000000","0.00013000"],["71405.52000000","0.00000000"]],"a":[]}}
{"stream":"btcusdt@depth@100ms","data":{"e":"depthUpdate","E":1765107353714,"s":"BTCUSDT","U":82626889484,"u":82626889487,"b":[["89256.90000000","3.56236000"],["89119.13000000","0.03252000"]],"a":[["89325.89000000","0.01754000"]]}}
{"stream":"btcusdt@depth@100ms","data":{"e":"depthUpdate","E":1765107353814,"s":"BTCUSDT","U":82626889488,"u":82626889490,"b":[["89234.92000000","0.00459000"],["89234.40000000","0.00000000"]],"a":[["98175.85000000","0.00016000"]]}}
{"stream":"btcusdt@depth@100ms","data":{"e":"depthUpdate","E":1765107353915,"s":"BTCUSDT","U":82626889491,"u":82626889496,"b":[["89256.90000000","3.56236000"],["89254.34000000","0.00591000"]],"a":[["89257.27000000","0.00608000"],["89257.74000000","0.00595000"],["89258.82000000","0.00015000"]]}}
{"stream":"btcusdt@depth@100ms","data":{"e":"depthUpdate","E":1765107354014,"s":"BTCUSDT","U":82626889497,"u":82626889523,"b":[["89256.90000000","3.56242000"],["89256.89000000","0.00075000"],["89253.78000000","0.00067000"],["89241.86000000","0.00000000"],["71405.52000000","0.00028000"],["32132.49000000","0.00076000"]],"a":[["89256.91000000","1.71315000"],["89256.92000000","0.00043000"],["89257.27000000","0.00632000"],["89257.74000000","0.00610000"],["89258.51000000","0.00006000"],["89258.56000000","0.01043000"],["89258.82000000","0.00000000"],["89259.77000000","0.13004000"],["89261.99000000","0.01000000"],["89265.83000000","0.00112000"],["89335.34000000","0.05897000"],["89341.61000000","0.00000000"]]}}
{"stream":"btcusdt@depth@100ms","data":{"e":"depthUpdate","E":1765107354114,"s":"BTCUSDT","U":82626889524,"u":82626889529,"b":[["89246.77000000","0.00045000"],["89057.08000000","0.00000000"],["82110.72000000","0.00000000"]],"a":[["89451.09000000","0.00000000"],["90595.77000000","0.00100000"]]}}
{"stream":"btcusdt@depth@100ms","data":{"e":"depthUpdate","E":1765107354214,"s":"BTCUSDT","U":82626889530,"u":82626889533,"b":[["89250.78000000","0.00633000"],["87918.04000000","0.00100000"],["71405.52000000","0.00000000"]],"a":[]}}
{"stream":"btcusdt@depth@100ms","data":{"e":"depthUpdate","E":1765107354314,"s":"BTCUSDT","U":82626889534,"u":82626889535,"b":[["89055.12000000","4.87589000"]],"a":[["89453.95000000","4.97221000"]]}}
{"stream":"btcusdt@depth@100ms","data":{"e":"depthUpdate","E":1765107354416,"s":"BTCUSDT","U":82626889536,"u":82626889537,"b":[["89231.10000000","0.05601000"],["87394.91000000","0.00000000"]],"a":[]}}
{"stream":"btcusdt@depth@100ms","data":{"e":"depthUpdate","E":1765107354514,"s":"BTCUSDT","U":82626889538,"u":82626889550,"b":[["89256.90000000","3.56269000"],["89254.78000000","0.05613000"],["89254.34000000","0.00006000"],["89252.98000000","0.00262000"],["89251.60000000","0.00230000"],["89194.20000000","0.00007000"],["71406.00000000","0.00160000"],["71405.52000000","0.00028000"]],"a":[]}}
{"stream":"btcusdt@depth@100ms","data":{"e":"depthUpdate","E":1765107354614,"s":"BTCUSDT","U":82626889551,"u":82626889562,"b":[["89256.90000000","3.73080000"],["89256.89000000","0.00069000"],["89254.78000000","0.05607000"],["89238.85000000","0.00000000"],["89194.65000000","0.00000000"],["80331.00000000","0.00000000"],["71405.52000000","0.00000000"]],"a":[["89257.27000000","0.00024000"]]}}
{"stream":"btcusdt@depth@100ms","data":{"e":"depthUpdate","E":1765107354714,"s":"BTCUSDT","U":82626889563,"u":82626889584,"b":[["89256.90000000","3.73080000"],["89234.92000000","0.00000000"],["89230.12000000","0.00000000"],["89194.68000000","0.00000000"],["87449.76000000","0.01141000"],["80331.00000000","0.00010000"],["32132.49000000","0.00095000"]],"a":[["89256.91000000","1.71315000"],["89256.92000000","0.00043000"],["89257.27000000","0.00000000"],["89257.74000000","0.00619000"],["89259.77000000","0.13013000"],["89261.99000000","0.01006000"],["89314.24000000","0.00000000"],["89314.34000000","0.03400000"]]}}
{"stream":"btcusdt@depth@100ms","data":{"e":"depthUpdate","E":1765107354814,"s":"BTCUSDT","U":82626889585,"u":82626889610,"b":[["89256.90000000","3.19495000"],["89255.71000000","0.00616000"],["89252.65000000","0.03175000"],["89251.00000000","0.00006000"],["89238.69000000","0.16929000"],["89234.43000000","0.00459000"],["89194.06000000","0.16817000"],["89121.95000000","0.07780000"],["89121.61000000","0.13500000"],["80331.00000000","0.00010000"],["80330.00000000","0.00010000"]],"a":[["89256.91000000","1.71315000"],["89259.77000000","0.13013000"]]}}
{"stream":"btcusdt@depth@100ms","data":{"e":"depthUpdate","E":1765107354914,"s":"BTCUSDT","U":82626889611,"u":82626889626,"b":[["89256.90000000","3.19524000"],["89256.89000000","0.00075000"],["89256.28000000","0.02519000"],["89255.71000000","0.00625000"],["89255.02000000","0.36975000"],["89251.01000000","0.00000000"],["89248.05000000","0.00012000"],["89247.66000000","0.00073000"],["80331.00000000","0.00000000"]],"a":[["89256.92000000","0.00049000"]]}}
{"stream":"btcusdt@depth@100ms","data":{"e":"depthUpdate","E":1765107355014,"s":"BTCUSDT","U":82626889627,"u":82626889630,"b":[["89249.00000000","0.12100000"],["80331.00000000","0.00010000"],["71406.00000000","0.00460000"],["71405.52000000","0.00028000"]],"a":[]}}
{"stream":"btcusdt@depth@100ms","data":{"e":"depthUpdate","E":1765107355114,"s":"BTCUSDT","U":82626889631,"u":82626889634,"b":[["80331.00000000","0.00000000"],["71406.00000000","0.00160000"]],"a":[["90595.77000000","0.00100000"]]}}
{"stream":"btcusdt@depth@100ms","data":{"e":"depthUpdate","E":1765107355214,"s":"BTCUSDT","U":82626889635,"u":82626889644,"b":[["89256.90000000","3.18835000"],["87918.04000000","0.00100000"],["71405.52000000","0.00000000"]],"a":[["89257.74000000","0.00024000"],["89259.77000000","0.02276000"],["89260.52000000","0.00000000"],["89260.53000000","0.00006000"],["89262.54000000","0.00006000"],["89263.08000000","0.36966000"]]}}
{"stream":"btcusdt@depth@100ms","data":{"e":"depthUpdate","E":1765107355314,"s":"BTCUSDT","U":82626889645,"u":82626889664,"b":[["89256.90000000","3.19514000"]],"a":[["89256.91000000","1.71315000"],["89256.92000000","0.00049000"],["89257.74000000","0.00000000"],["89258.56000000","0.01052000"],["89260.01000000","0.01283000"],["89260.53000000","0.00000000"],["89261.81000000","0.00012000"],["89262.54000000","0.00000000"],["89262.55000000","0.53557000"],["89263.08000000","0.36972000"]]}}
{"stream":"btcusdt@depth@100ms","data":{"e":"depthUpdate","E":1765107355414,"s":"BTCUSDT","U":82626889665,"u":82626889670,"b":[["89256.90000000","3.20104000"],["89231.10000000","0.00000000"]],"a":[["89256.92000000","0.00043000"],["89257.70000000","0.00604000"],["89259.85000000","0.03383000"],["89268.38000000","0.05601000"]]}}
{"stream":"btcusdt@depth@100ms","data":{"e":"depthUpdate","E":1765107355514,"s":"BTCUSDT","U":82626889671,"u":82626889686,"b":[["89256.90000000","3.20104000"],["89247.09000000","0.00191000"],["89246.95000000","0.00000000"],["87005.00000000","0.00373000"],["71405.52000000","0.00028000"]],"a":[["89256.91000000","1.71315000"],["89256.92000000","0.00043000"],["89257.70000000","0.00628000"],["89258.56000000","0.01043000"],["89259.85000000","0.03374000"],["89263.08000000","0.36966000"]]}}
{"stream":"btcusdt@depth@100ms","data":{"e":"depthUpdate","E":1765107355614,"s":"BTCUSDT","U":82626889687,"u":82626889689,"b":[["89247.66000000","0.00067000"],["71405.52000000","0.00000000"]],"a":[["89257.70000000","0.00024000"]]}}
{"stream":"btcusdt@depth@100ms","data":{"e":"depthUpdate","E":1765107355714,"s":"BTCUSDT","U":82626889690,"u":82626889705,"b":[["89256.90000000","3.36921000"],["89249.40000000","0.00256000"],["89247.66000000","0.00073000"],["89234.43000000","0.00000000"],["89194.06000000","0.00000000"],["80331.00000000","0.00020000"],["32132.49000000","0.00114000"]],"a":[["89256.91000000","1.71315000"],["89256.92000000","0.00043000"],["89257.70000000","0.00000000"],["89258.56000000","0.01052000"],["89263.08000000","0.36972000"]]}}
{"stream":"btcusdt@depth@100ms","data":{"e":"depthUpdate","E":1765107355814,"s":"BTCUSDT","U":82626889706,"u":82626889732,"b":[["89256.90000000","2.93446000"],["89255.71000000","0.00009000"],["89254.64000000","0.00604000"],["89249.00000000","0.00000000"],["89247.09000000","0.00000000"],["89247.05000000","0.00191000"],["89238.69000000","0.00112000"],["89238.29000000","0.16817000"],["89234.56000000","0.00459000"],["89194.61000000","0.16817000"],["80331.00000000","0.00000000"]],"a":[["89256.91000000","2.50318000"],["89257.70000000","0.00595000"],["89259.85000000","0.03383000"],["89273.97000000","0.00560000"],["89275.78000000","0.00000000"]]}}
{"stream":"btcusdt@depth@100ms","data":{"e":"depthUpdate","E":1765107355914,"s":"BTCUSDT","U":82626889733,"u":82626889771,"b":[["89256.90000000","2.38045000"],["89256.89000000","0.00075000"],["89256.28000000","0.02513000"],["89255.71000000","0.00000000"],["89255.02000000","0.36984000"],["89254.78000000","0.05613000"],["89249.40000000","0.00250000"],["89247.66000000","0.00073000"],["89194.61000000","0.17317000"],["80331.00000000","0.00010000"]],"a":[["89256.91000000","2.36809000"],["89256.92000000","0.00049000"],["89257.70000000","0.00024000"],["89258.56000000","0.01043000"],["89259.77000000","0.13011000"],["89259.85000000","0.03374000"],["89260.76000000","0.00006000"],["89260.77000000","0.36967000"],["89261.81000000","0.00006000"],["89263.08000000","0.00000000"],["89281.66000000","0.00560000"],["89284.29000000","0.02800000"],["89284.62000000","0.00000000"],["89285.98000000","0.31330000"],["89287.94000000","0.00000000"]]}}
{"stream":"btcusdt@depth@100ms","data":{"e":"depthUpdate","E":1765107356014,"s":"BTCUSDT","U":82626889772,"u":82626889798,"b":[["89256.90000000","2.24545000"],["89190.00000000","0.00292000"],["80331.00000000","0.00000000"],["71406.00000000","0.00160000"],["71405.52000000","0.00028000"]],"a":[["89256.91000000","2.36809000"],["89256.92000000","0.00049000"],["89257.70000000","0.00000000"],["89258.56000000","0.01052000"],["89260.01000000","0.01283000"],["89260.77000000","0.36973000"],["89262.55000000","0.53557000"]]}}
{"stream":"btcusdt@depth@100ms","data":{"e":"depthUpdate","E":1765107356114,"s":"BTCUSDT","U":82626889799,"u":82626889808,"b":[["80331.00000000","0.00000000"],["33000.00000000","5.69301000"]],"a":[["89256.91000000","2.50318000"],["89256.92000000","0.00043000"],["89259.85000000","0.03383000"],["89265.00000000","0.12100000"],["90595.77000000","0.00100000"]]}}
{"stream":"btcusdt@depth@100ms","data":{"e":"depthUpdate","E":1765107356214,"s":"BTCUSDT","U":82626889809,"u":82626889821,"b":[["89254.64000000","0.00000000"],["89167.20000000","0.00155000"],["89164.57000000","0.00000000"],["87918.04000000","0.00100000"],["80331.00000000","0.00000000"],["71405.52000000","0.00000000"]],"a":[["89257.70000000","0.00000000"],["89258.51000000","0.00000000"],["89266.93000000","0.04254000"],["89358.70000000","0.00000000"],["89363.41000000","0.00155000"]]}}
{"stream":"btcusdt@depth@100ms","data":{"e":"depthUpdate","E":1765107356314,"s":"BTCUSDT","U":82626889822,"u":82626889828,"b":[["89256.90000000","2.24539000"],["89256.89000000","0.00069000"],["89254.78000000","0.05607000"]],"a":[["89256.91000000","2.36809000"],["89259.85000000","0.03383000"],["116475.00000000","0.00010000"]]}}
{"stream":"btcusdt@depth@100ms","data":{"e":"depthUpdate","E":1765107356414,"s":"BTCUSDT","U":82626889829,"u":82626889832,"b":[["89254.64000000","0.00606000"],["89237.58000000","0.05601000"],["89234.56000000","0.00000000"]],"a":[["89257.70000000","0.00592000"]]}}
{"stream":"btcusdt@depth@100ms","data":{"e":"depthUpdate","E":1765107356514,"s":"BTCUSDT","U":82626889833,"u":82626889846,"b":[["89256.90000000","2.24545000"],["89235.23000000","0.00459000"],["71405.52000000","0.00028000"]],"a":[["89256.91000000","2.50318000"],["89256.92000000","0.00043000"],["89257.70000000","0.00616000"],["89258.56000000","0.01043000"],["89259.85000000","0.03374000"],["89262.55000000","0.53551000"]]}}
{"stream":"btcusdt@depth@100ms","data":{"e":"depthUpdate","E":1765107356614,"s":"BTCUSDT","U":82626889847,"u":82626889850,"b":[["89052.40000000","0.01754000"],["89020.36000000","0.00000000"],["71405.52000000","0.00000000"]],"a":[["89257.70000000","0.00024000"]]}}
{"stream":"btcusdt@depth@100ms","data":{"e":"depthUpdate","E":1765107356714,"s":"BTCUSDT","U":82626889851,"u":82626889871,"b":[["89256.90000000","2.38024000"],["89235.23000000","0.00000000"],["89234.22000000","0.00459000"],["89158.01000000","0.17995000"],["89151.06000000","0.20054000"],["89144.03000000","0.02912000"],["89141.68000000","0.00000000"],["89136.73000000","0.00000000"],["89130.01000000","0.00000000"]],"a":[["89256.91000000","2.50318000"],["89256.92000000","0.00043000"],["89257.70000000","0.00000000"],["89258.56000000","0.01052000"],["89259.85000000","0.03383000"],["89262.55000000","0.53557000"]]}}
{"stream":"btcusdt@depth@100ms","data":{"e":"depthUpdate","E":1765107356814,"s":"BTCUSDT","U":82626889872,"u":82626889879,"b":[["89020.74000000","0.00000000"],["80331.00000000","0.00020000"]],"a":[["89256.91000000","2.36809000"],["89257.70000000","0.00596000"],["89258.51000000","0.00006000"],["89259.85000000","0.03383000"],["89504.24000000","0.00000000"]]}}
{"stream":"btcusdt@depth@100ms","data":{"e":"depthUpdate","E":1765107356914,"s":"BTCUSDT","U":82626889880,"u":82626889894,"b":[["89256.90000000","2.54841000"],["89194.61000000","0.00500000"],["80331.00000000","0.00000000"]],"a":[["89256.91000000","2.36809000"],["89256.92000000","0.00043000"],["89257.70000000","0.00024000"],["89257.78000000","0.00592000"],["89258.56000000","0.01043000"],["89259.85000000","0.03374000"],["89262.55000000","0.53551000"]]}}
{"stream":"btcusdt@depth@100ms","data":{"e":"depthUpdate","E":1765107357014,"s":"BTCUSDT","U":82626889895,"u":82626889931,"b":[["89256.90000000","2.38024000"],["89256.89000000","0.00075000"],["89256.81000000","0.00000000"],["89256.50000000","0.00611000"],["89254.78000000","0.05613000"],["89254.64000000","0.00000000"],["89247.05000000","0.00197000"],["89238.29000000","0.00000000"],["89237.67000000","0.16817000"],["89214.68000000","0.20164000"],["89210.24000000","0.00000000"],["89195.25000000","0.16817000"],["71405.52000000","0.00028000"]],"a":[["89256.91000000","2.36809000"],["89256.92000000","0.00049000"],["89257.70000000","0.00000000"],["89257.78000000","0.00024000"],["89257.80000000","0.00619000"],["89259.77000000","0.13011000"],["89265.00000000","0.00000000"],["89265.34000000","0.00112000"]]}}
{"stream":"btcusdt@depth@100ms","data":{"e":"depthUpdate","E":1765107357114,"s":"BTCUSDT","U":82626889932,"u":82626889982,"b":[["89256.90000000","2.24497000"],["89256.89000000","0.00075000"],["89256.50000000","0.00027000"],["89256.28000000","0.02495000"],["89255.02000000","0.36975000"],["89254.78000000","0.05607000"],["89251.09000000","0.00000000"],["89190.00000000","0.13292000"],["89052.40000000","0.00000000"],["80330.00000000","0.00010000"]],"a":[["89256.91000000","2.50310000"],["89256.92000000","0.00043000"],["89257.78000000","0.00000000"],["89257.80000000","0.00643000"],["89265.00000000","0.12100000"],["90595.77000000","0.00100000"]]}}
{"stream":"btcusdt@depth@100ms","data":{"e":"depthUpdate","E":1765107357214,"s":"BTCUSDT","U":82626889983,"u":82626890001,"b":[["89256.90000000","2.24485000"],["89256.89000000","0.00069000"],["89251.60000000","0.00224000"],["89246.77000000","0.00051000"],["89234.22000000","0.00000000"],["89021.81000000","0.01754000"],["87918.04000000","0.00100000"],["71405.52000000","0.00000000"],["42000.00000000","5.22862000"]],"a":[["89256.92000000","0.00049000"],["89259.77000000","0.13011000"],["89272.15000000","0.00560000"],["89273.97000000","0.00000000"],["89800.00000000","0.93951000"],["92000.00000000","20.84839000"]]}}
{"stream":"btcusdt@depth@100ms","data":{"e":"depthUpdate","E":1765107357314,"s":"BTCUSDT","U":82626890002,"u":82626890004,"b":[["89256.90000000","2.24491000"],["89251.09000000","0.01145000"],["89234.20000000","0.00459000"]],"a":[]}}
{"stream":"btcusdt@depth@100ms","data":{"e":"depthUpdate","E":1765107357414,"s":"BTCUSDT","U":82626890005,"u":82626890005,"b":[["89021.81000000","0.00000000"]],"a":[]}}
{"stream":"btcusdt@depth@100ms","data":{"e":"depthUpdate","E":1765107357514,"s":"BTCUSDT","U":82626890006,"u":82626890011,"b":[["89255.78000000","0.00601000"],["89246.77000000","0.00045000"],["71405.52000000","0.00028000"]],"a":[["89256.91000000","2.37407000"],["89272.15000000","0.00000000"],["89273.09000000","0.00560000"]]}}
{"stream":"btcusdt@depth@100ms","data":{"e":"depthUpdate","E":1765107357614,"s":"BTCUSDT","U":82626890012,"u":82626890038,"b":[["89256.90000000","2.37997000"],["89256.89000000","0.00075000"],["89256.28000000","0.02495000"],["89255.78000000","0.00610000"],["89255.03000000","0.12298000"],["89247.05000000","0.00191000"],["89180.14000000","0.00000000"],["80330.00000000","0.00010000"],["71405.52000000","0.00000000"]],"a":[["89256.91000000","2.35528000"],["89265.00000000","0.00000000"],["89266.93000000","0.00000000"]]}}
{"stream":"btcusdt@depth@100ms","data":{"e":"depthUpdate","E":1765107357714,"s":"BTCUSDT","U":82626890039,"u":82626890041,"b":[["89234.20000000","0.00000000"],["89194.35000000","0.01754000"]],"a":[["89334.08000000","0.00700000"],["89335.34000000","0.05197000"]]}}
{"stream":"btcusdt@depth@100ms","data":{"e":"depthUpdate","E":1765107357815,"s":"BTCUSDT","U":82626890042,"u":82626890042,"b":[["89234.15000000","0.00459000"]],"a":[]}}
{"stream":"btcusdt@depth@100ms","data":{"e":"depthUpdate","E":1765107357914,"s":"BTCUSDT","U":82626890043,"u":82626890047,"b":[["89237.58000000","0.00000000"],["89237.13000000","0.05601000"],["89194.35000000","0.00000000"],["32132.49000000","0.00133000"]],"a":[["89268.38000000","0.00000000"]]}}
{"stream":"btcusdt@depth@100ms","data":{"e":"depthUpdate","E":1765107358014,"s":"BTCUSDT","U":82626890048,"u":82626890051,"b":[["89256.90000000","2.24497000"],["80331.00000000","0.00000000"],["71405.52000000","0.00028000"]],"a":[]}}
{"stream":"btcusdt@depth@100ms","data":{"e":"depthUpdate","E":1765107358114,"s":"BTCUSDT","U":82626890052,"u":82626890054,"b":[["89255.78000000","0.00009000"]],"a":[["90595.77000000","0.00100000"]]}}
{"stream":"btcusdt@depth@100ms","data":{"e":"depthUpdate","E":1765107358215,"s":"BTCUSDT","U":82626890055,"u":82626890065,"b":[["89256.90000000","2.24500000"],["89256.89000000","0.00069000"],["89256.28000000","0.02495000"],["89255.78000000","0.00000000"],["89255.03000000","0.12307000"],["87918.04000000","0.00100000"],["71405.52000000","0.00000000"]],"a":[["89265.00000000","0.12100000"]]}}
{"stream":"btcusdt@depth@100ms","data":{"e":"depthUpdate","E":1765107358414,"s":"BTCUSDT","U":82626890066,"u":82626890067,"b":[],"a":[["89256.91000000","2.35228000"],["89268.86000000","0.05601000"]]}}
{"stream":"btcusdt@depth@100ms","data":{"e":"depthUpdate","E":1765107358514,"s":"BTCUSDT","U":82626890068,"u":82626890068,"b":[["71405.52000000","0.00028000"]],"a":[]}}
{"stream":"btcusdt@depth@100ms","data":{"e":"depthUpdate","E":1765107358614,"s":"BTCUSDT","U":82626890069,"u":82626890070,"b":[["89234.15000000","0.00000000"],["71405.52000000","0.00000000"]],"a":[]}}
{"stream":"btcusdt@depth@100ms","data":{"e":"depthUpdate","E":1765107358714,"s":"BTCUSDT","U":82626890071,"u":82626890073,"b":[["89234.76000000","0.00465000"]],"a":[["89256.91000000","2.35228000"]]}}
{"stream":"btcusdt@depth@100ms","data":{"e":"depthUpdate","E":1765107358814,"s":"BTCUSDT","U":82626890074,"u":82626890079,"b":[["89256.90000000","2.24501000"],["89180.59000000","0.00000000"],["89180.34000000","0.00279000"],["32132.49000000","0.00152000"]],"a":[["89334.07000000","0.00279000"],["89334.64000000","0.00000000"],["89423.33000000","0.00112000"],["89423.99000000","0.00000000"]]}}
{"stream":"btcusdt@depth@100ms","data":{"e":"depthUpdate","E":1765107358914,"s":"BTCUSDT","U":82626890080,"u":82626890095,"b":[["89256.90000000","2.24492000"],["89206.15000000","0.00024000"],["80330.00000000","0.00010000"]],"a":[["89256.91000000","2.35203000"],["98175.85000000","0.00000000"]]}}
{"stream":"btcusdt@depth@100ms","data":{"e":"depthUpdate","E":1765107359014,"s":"BTCUSDT","U":82626890096,"u":82626890099,"b":[["80331.00000000","0.00000000"],["71405.52000000","0.00028000"],["50000.00000000","93.29820000"]],"a":[]}}
{"stream":"btcusdt@depth@100ms","data":{"e":"depthUpdate","E":1765107359114,"s":"BTCUSDT","U":82626890100,"u":82626890107,"b":[["89252.85000000","0.00006000"],["89249.23000000","0.02000000"],["89226.39000000","0.00000000"],["89208.35000000","0.40351000"],["89169.43000000","0.00000000"]],"a":[["89256.91000000","2.34597000"],["90595.77000000","0.00100000"]]}}
{"stream":"btcusdt@depth@100ms","data":{"e":"depthUpdate","E":1765107359214,"s":"BTCUSDT","U":82626890108,"u":82626890138,"b":[["89256.90000000","2.24492000"],["89256.89000000","0.00075000"],["89255.65000000","0.00000000"],["89254.78000000","0.05607000"],["89254.21000000","0.00594000"],["89252.98000000","0.00256000"],["89251.60000000","0.00230000"],["89251.09000000","0.01111000"],["89249.40000000","0.00256000"],["89229.90000000","0.09525000"],["89228.30000000","0.00000000"],["89200.00000000","0.24336000"],["89194.76000000","0.03398000"],["89189.62000000","0.04084000"],["87918.04000000","0.00100000"],["87644.26000000","0.00000000"],["82110.72000000","0.00013000"],["71405.52000000","0.00000000"],["42000.00000000","5.22762000"]],"a":[["89256.91000000","2.48106000"],["89257.07000000","0.00613000"],["89264.28000000","0.00263000"]]}}
{"stream":"btcusdt@depth@100ms","data":{"e":"depthUpdate","E":1765107359315,"s":"BTCUSDT","U":82626890139,"u":82626890148,"b":[["89247.66000000","0.00067000"]],"a":[["89256.91000000","2.48112000"],["89256.92000000","0.00049000"],["89257.07000000","0.00637000"],["89257.80000000","0.00634000"],["89259.77000000","0.13002000"],["89261.99000000","0.01000000"]]}}
{"stream":"btcusdt@depth@100ms","data":{"e":"depthUpdate","E":1765107359414,"s":"BTCUSDT","U":82626890149,"u":82626890153,"b":[["89234.76000000","0.00006000"],["87650.28000000","0.00570000"]],"a":[["89256.91000000","2.57703000"]]}}
{"stream":"btcusdt@depth@100ms","data":{"e":"depthUpdate","E":1765107359514,"s":"BTCUSDT","U":82626890154,"u":82626890163,"b":[["89256.90000000","2.24484000"],["89255.65000000","0.00611000"],["89234.81000000","0.00459000"],["71406.00000000","0.00460000"],["71405.52000000","0.00028000"]],"a":[["89256.91000000","2.44194000"],["89631.73000000","0.00000000"]]}}
{"stream":"btcusdt@depth@100ms","data":{"e":"depthUpdate","E":1765107359614,"s":"BTCUSDT","U":82626890164,"u":82626890173,"b":[["89256.90000000","2.24499000"],["89256.89000000","0.00081000"],["89256.28000000","0.02495000"],["89255.65000000","0.00620000"],["89255.03000000","0.12298000"],["71406.00000000","0.00160000"],["71405.52000000","0.00000000"]],"a":[["89256.91000000","2.44242000"]]}}
{"stream":"btcusdt@depth@100ms","data":{"e":"depthUpdate","E":1765107359714,"s":"BTCUSDT","U":82626890174,"u":82626890180,"b":[["89234.81000000","0.00000000"],["89055.12000000","0.00000000"],["89025.66000000","0.01754000"],["82110.72000000","0.00000000"],["80331.00000000","0.00010000"]],"a":[["89256.91000000","2.34711000"],["89453.95000000","0.00009000"]]}}
{"stream":"btcusdt@depth@100ms","data":{"e":"depthUpdate","E":1765107359814,"s":"BTCUSDT","U":82626890181,"u":82626890208,"b":[["89256.90000000","2.00942000"],["89256.89000000","0.00069000"],["89256.28000000","0.00015000"],["89255.93000000","0.01555000"],["89255.65000000","0.00009000"],["89254.21000000","0.00000000"],["89251.09000000","0.00000000"],["89234.57000000","0.00459000"],["80331.00000000","0.00000000"],["80330.00000000","0.00010000"]],"a":[["89256.91000000","2.48282000"],["89257.60000000","0.02056000"],["89257.90000000","0.36968000"],["89258.56000000","0.00021000"],["89260.77000000","0.00006000"]]}}
{"stream":"btcusdt@depth@100ms","data":{"e":"depthUpdate","E":1765107359914,"s":"BTCUSDT","U":82626890209,"u":82626890295,"b":[["89256.90000000","2.00933000"],["89256.89000000","0.00063000"],["89256.50000000","0.00033000"],["89256.29000000","0.00000000"],["89256.28000000","0.00000000"],["89255.94000000","0.00012000"],["89255.93000000","0.01570000"],["89255.65000000","0.00000000"],["89255.03000000","0.12307000"],["89251.60000000","0.00224000"],["89057.03000000","5.12076000"]],"a":[["89256.91000000","2.57764000"],["89256.92000000","0.00067000"],["89257.07000000","0.00643000"],["89257.59000000","0.00012000"],["89257.60000000","0.02077000"],["89257.80000000","0.00634000"],["89257.88000000","0.00012000"],["89257.89000000","0.13315000"],["89257.90000000","0.36980000"],["89258.55000000","0.00000000"],["89258.56000000","0.00000000"],["89259.76000000","0.00000000"],["89259.77000000","0.00018000"],["89260.00000000","0.00000000"],["89260.01000000","0.01277000"],["89260.76000000","0.00000000"],["89260.77000000","0.00000000"],["89262.54000000","0.00006000"],["89264.78000000","0.00000000"],["89265.10000000","0.03900000"],["89451.23000000","5.01554000"]]}}
{"stream":"btcusdt@depth@100ms","data":{"e":"depthUpdate","E":1765107360014,"s":"BTCUSDT","U":82626890296,"u":82626890325,"b":[["89256.90000000","2.01209000"],["89247.66000000","0.00073000"],["89247.05000000","0.00197000"],["80331.00000000","0.00010000"],["71405.52000000","0.00028000"]],"a":[["89256.91000000","2.58057000"],["89257.02000000","0.00000000"],["89257.60000000","0.02077000"],["89257.80000000","0.00640000"],["89257.89000000","0.13327000"],["89257.90000000","0.36980000"],["89258.63000000","0.00000000"],["89259.40000000","0.00000000"],["89259.77000000","0.00006000"],["89265.00000000","0.12106000"],["89265.83000000","0.80660000"],["89268.98000000","0.75608000"],["89272.31000000","0.00000000"]]}}
{"stream":"btcusdt@depth@100ms","data":{"e":"depthUpdate","E":1765107360114,"s":"BTCUSDT","U":82626890326,"u":82626890330,"b":[["80331.00000000","0.00000000"]],"a":[["89262.55000000","0.74730000"],["89361.47000000","0.09908000"],["90595.77000000","0.00100000"]]}}
{"stream":"btcusdt@depth@100ms","data":{"e":"depthUpdate","E":1765107360214,"s":"BTCUSDT","U":82626890331,"u":82626890357,"b":[["89256.90000000","2.01221000"],["89256.89000000","0.00069000"],["89254.87000000","0.00000000"],["89254.67000000","0.00609000"],["89251.09000000","0.01121000"],["87918.04000000","0.00100000"],["80331.00000000","0.00000000"],["71405.52000000","0.00000000"]],"a":[["89256.91000000","2.44548000"],["89256.92000000","0.00067000"],["89257.89000000","0.13315000"],["89257.90000000","0.00012000"],["89260.00000000","0.00012000"],["89260.14000000","0.00250000"],["89260.58000000","0.00006000"],["89260.59000000","0.36967000"],["89278.04000000","0.00000000"],["89361.47000000","0.00000000"]]}}
{"stream":"btcusdt@depth@100ms","data":{"e":"depthUpdate","E":1765107360314,"s":"BTCUSDT","U":82626890358,"u":82626890384,"b":[["89256.90000000","2.01221000"],["89256.89000000","0.00069000"],["89254.78000000","0.05613000"],["89254.67000000","0.00000000"],["89251.60000000","0.00230000"],["89247.66000000","0.00067000"],["89247.05000000","0.00191000"]],"a":[["89256.91000000","2.93514000"],["89257.89000000","0.13315000"],["89257.90000000","0.00000000"],["89260.01000000","0.01283000"],["89260.59000000","0.36973000"],["89313.44000000","0.00000000"],["89313.54000000","0.03400000"],["89314.34000000","0.00000000"],["89361.47000000","0.00000000"]]}}
{"stream":"btcusdt@depth@100ms","data":{"e":"depthUpdate","E":1765107360414,"s":"BTCUSDT","U":82626890385,"u":82626890410,"b":[["89256.90000000","2.01222000"],["89256.89000000","0.00063000"],["89254.78000000","0.05607000"],["89254.67000000","0.00000000"],["80330.00000000","0.00010000"]],"a":[["89256.91000000","2.93452000"],["89260.30000000","0.00006000"],["89307.34000000","0.00000000"],["89307.36000000","0.01119000"],["89361.47000000","0.09994000"]]}}
{"stream":"btcusdt@depth@100ms","data":{"e":"depthUpdate","E":1765107360514,"s":"BTCUSDT","U":82626890411,"u":82626890417,"b":[["89256.90000000","2.01216000"],["71406.00000000","0.00160000"],["71405.52000000","0.00028000"]],"a":[["89307.36000000","0.00000000"],["89307.45000000","0.01119000"],["89361.47000000","0.00000000"]]}}
{"stream":"btcusdt@depth@100ms","data":{"e":"depthUpdate","E":1765107360614,"s":"BTCUSDT","U":82626890418,"u":82626890421,"b":[["89254.67000000","0.00612000"],["71405.52000000","0.00000000"]],"a":[["89361.47000000","0.00000000"]]}}
{"stream":"btcusdt@depth@100ms","data":{"e":"depthUpdate","E":1765107360714,"s":"BTCUSDT","U":82626890422,"u":82626890432,"b":[["89256.90000000","2.01228000"],["89256.89000000","0.00069000"],["89255.96000000","0.00000000"],["89234.57000000","0.00000000"],["88956.90000000","0.00000000"]],"a":[["89290.36000000","0.10992000"],["89302.93000000","0.00000000"],["89361.47000000","0.09995000"]]}}
{"stream":"btcusdt@depth@100ms","data":{"e":"depthUpdate","E":1765107360814,"s":"BTCUSDT","U":82626890433,"u":82626890439,"b":[["89256.90000000","2.01228000"],["89256.89000000","0.00063000"],["89255.65000000","0.00000000"],["89234.78000000","0.00459000"]],"a":[["89361.47000000","0.00000000"]]}}
{"stream":"btcusdt@depth@100ms","data":{"e":"depthUpdate","E":1765107360914,"s":"BTCUSDT","U":82626890440,"u":82626890444,"b":[["89256.90000000","2.01222000"],["89234.78000000","0.00000000"],["89186.14000000","0.01754000"],["80331.00000000","0.00010000"]],"a":[["89361.47000000","0.09972000"]]}}
{"stream":"btcusdt@depth@100ms","data":{"e":"depthUpdate","E":1765107361014,"s":"BTCUSDT","U":82626890445,"u":82626890452,"b":[["89236.35000000","0.00459000"],["80331.00000000","0.00000000"],["71405.52000000","0.00028000"],["50000.00000000","93.29850000"]],"a":[["89361.47000000","0.09925000"]]}}
{"stream":"btcusdt@depth@100ms","data":{"e":"depthUpdate","E":1765107361114,"s":"BTCUSDT","U":82626890453,"u":82626890458,"b":[["80331.00000000","0.00000000"]],"a":[["89256.91000000","2.83924000"],["89361.47000000","0.00000000"],["90595.77000000","0.00100000"]]}}
{"stream":"btcusdt@depth@100ms","data":{"e":"depthUpdate","E":1765107361214,"s":"BTCUSDT","U":82626890459,"u":82626890465,"b":[["87918.04000000","0.00000000"],["80331.00000000","0.00000000"],["71405.52000000","0.00000000"]],"a":[["89361.47000000","0.09905000"]]}}
{"stream":"btcusdt@depth@100ms","data":{"e":"depthUpdate","E":1765107361314,"s":"BTCUSDT","U":82626890466,"u":82626890525,"b":[["89256.90000000","2.44981000"],["89256.89000000","0.00069000"],["89256.56000000","0.00250000"],["89256.53000000","0.00012000"],["89256.52000000","0.02240000"],["89255.65000000","0.00595000"],["89254.67000000","0.00000000"],["89252.84000000","0.00000000"],["89249.00000000","0.12100000"],["89244.56000000","0.00000000"],["89242.02000000","0.75603000"],["89238.66000000","0.00000000"],["89236.20000000","0.00000000"],["89225.74000000","0.40343000"],["89208.35000000","0.00000000"],["89195.25000000","0.00000000"],["87918.04000000","0.00100000"]],"a":[["89256.91000000","2.65092000"],["89257.07000000","0.00030000"],["89257.80000000","0.00021000"],["89257.88000000","0.00617000"],["89260.14000000","0.00000000"],["89262.55000000","0.12995000"],["89265.00000000","0.00006000"],["89265.82000000","1.37105000"],["89265.83000000","0.00112000"],["89265.85000000","0.00000000"],["89268.97000000","0.80548000"],["89268.98000000","0.00000000"],["89268.99000000","0.00000000"],["89273.10000000","0.00000000"],["89278.72000000","0.75601000"],["89279.51000000","0.00459000"],["89279.65000000","0.00000000"],["89281.62000000","0.00250000"],["89281.66000000","0.00000000"],["89283.17000000","0.00560000"],["89293.88000000","0.00000000"],["89324.09000000","0.00000000"],["89331.42000000","0.02941000"],["89334.08000000","0.00000000"],["89361.47000000","0.09905000"]]}}
{"stream":"btcusdt@depth@100ms","data":{"e":"depthUpdate","E":1765107361414,"s":"BTCUSDT","U":82626890526,"u":82626890589,"b":[["89256.90000000","2.31761000"],["89256.89000000","0.00081000"],["89256.56000000","0.00283000"],["89256.52000000","0.02255000"],["89256.50000000","0.00015000"],["89255.93000000","0.01567000"],["89255.03000000","0.12298000"],["89254.78000000","0.05601000"],["89249.23000000","0.02006000"],["89248.16000000","1.37105000"],["89248.05000000","0.00006000"],["89247.97000000","0.00138000"],["89247.05000000","0.00000000"],["89237.13000000","0.00000000"],["89236.50000000","0.05601000"],["89159.08000000","0.24900000"],["89159.07000000","0.00000000"]],"a":[["89256.91000000","2.65092000"],["89256.92000000","0.00061000"],["89257.07000000","0.00024000"],["89257.60000000","0.02077000"],["89257.80000000","0.00006000"],["89257.88000000","0.00027000"],["89257.89000000","0.02263000"],["89260.58000000","0.00000000"],["89260.59000000","0.00006000"],["89261.99000000","0.01006000"],["89262.55000000","0.52260000"],["89263.30000000","0.36966000"],["89264.28000000","0.00257000"],["89268.86000000","0.00000000"],["89269.50000000","0.05601000"],["89347.27000000","0.00000000"],["89358.05000000","0.00055000"],["89361.47000000","0.00000000"]]}}
{"stream":"btcusdt@depth@100ms","data":{"e":"depthUpdate","E":1765107361514,"s":"BTCUSDT","U":82626890590,"u":82626890633,"b":[["89256.90000000","2.58244000"],["89256.89000000","0.00075000"],["89256.52000000","0.02255000"],["89256.50000000","0.00006000"],["89255.93000000","0.01576000"],["89248.17000000","0.76825000"],["89248.15000000","0.00000000"],["89248.05000000","0.00000000"],["89242.02000000","0.00000000"],["89239.29000000","0.75605000"],["89159.08000000","0.21290000"],["71405.52000000","0.00028000"]],"a":[["89256.91000000","2.65098000"],["89256.92000000","0.00055000"],["89257.07000000","0.00006000"],["89257.60000000","0.02092000"],["89257.88000000","0.00021000"],["89257.89000000","0.02272000"],["89260.01000000","0.01277000"],["89260.59000000","0.00000000"],["89261.81000000","0.00012000"],["89262.54000000","0.00000000"],["89262.55000000","0.52266000"],["89263.30000000","0.36972000"],["89265.10000000","0.03906000"],["89265.34000000","0.00118000"],["89294.64000000","0.08576000"],["89313.54000000","0.00000000"],["89313.66000000","0.03400000"],["89371.47000000","0.09983000"]]}}
{"stream":"btcusdt@depth@100ms","data":{"e":"depthUpdate","E":1765107361614,"s":"BTCUSDT","U":82626890634,"u":82626890648,"b":[["89256.90000000","2.31770000"],["89242.99000000","0.03000000"],["89242.05000000","0.03000000"],["71405.52000000","0.00000000"],["50000.00000000","93.29450000"]],"a":[["89256.92000000","0.00049000"],["89257.60000000","0.02092000"],["89257.88000000","0.00012000"],["89259.85000000","0.03383000"],["89273.97000000","0.75605000"],["89278.72000000","0.00000000"],["89363.87000000","0.09961000"],["89371.47000000","0.00000000"],["92000.00000000","20.85007000"]]}}
{"stream":"btcusdt@depth@100ms","data":{"e":"depthUpdate","E":1765107361714,"s":"BTCUSDT","U":82626890649,"u":82626890657,"b":[["89236.35000000","0.00000000"],["89235.31000000","0.00000000"],["89234.38000000","0.00000000"],["33000.00000000","5.69301000"]],"a":[["89256.91000000","2.83679000"],["89257.60000000","0.02086000"],["89363.87000000","0.00000000"]]}}
{"stream":"btcusdt@depth@100ms","data":{"e":"depthUpdate","E":1765107361814,"s":"BTCUSDT","U":82626890658,"u":82626890675,"b":[["89256.90000000","2.01453000"],["89255.65000000","0.00000000"],["89239.17000000","0.16817000"],["89237.67000000","0.00000000"],["89234.90000000","0.00459000"],["89220.66000000","0.00000000"],["89194.54000000","0.16817000"]],"a":[["89257.88000000","0.00609000"],["89260.97000000","0.36967000"],["89263.30000000","0.00006000"],["89278.04000000","0.00250000"],["89281.62000000","0.00000000"],["89292.10000000","0.00000000"],["89293.23000000","0.20164000"],["89370.47000000","0.09937000"]]}}
{"stream":"btcusdt@depth@100ms","data":{"e":"depthUpdate","E":1765107361914,"s":"BTCUSDT","U":82626890676,"u":82626890714,"b":[["89256.90000000","2.01441000"],["89256.89000000","0.00069000"],["89256.56000000","0.00033000"],["89255.93000000","0.01570000"],["89251.09000000","0.00000000"],["89250.95000000","0.00000000"],["89249.00000000","0.00000000"],["89239.29000000","0.00000000"],["89238.66000000","0.00250000"],["89236.51000000","0.75607000"],["89234.90000000","0.00000000"],["89234.33000000","0.00459000"],["89121.95000000","0.07780000"]],"a":[["89256.91000000","2.83679000"],["89257.60000000","0.02086000"],["89257.88000000","0.00624000"],["89257.89000000","0.13018000"],["89259.85000000","0.03374000"],["89260.01000000","0.01277000"],["89260.96000000","0.00006000"],["89260.97000000","0.36973000"],["89261.81000000","0.00006000"],["89262.55000000","0.52260000"],["89263.30000000","0.00000000"],["89265.00000000","0.12106000"],["89280.27000000","0.00560000"],["89283.17000000","0.00000000"],["89361.77000000","0.09978000"],["89370.47000000","0.00000000"]]}}
{"stream":"btcusdt@depth@100ms","data":{"e":"depthUpdate","E":1765107362014,"s":"BTCUSDT","U":82626890715,"u":82626890732,"b":[["89256.90000000","2.01447000"],["89256.89000000","0.00081000"],["89254.32000000","0.00603000"],["89251.60000000","0.00224000"],["89250.95000000","0.01145000"],["89249.23000000","0.02000000"],["89248.13000000","0.08573000"],["89247.97000000","0.00144000"],["89247.88000000","0.01277000"],["89230.25000000","0.80219000"],["71405.52000000","0.00028000"]],"a":[["89256.91000000","2.84270000"],["89257.60000000","0.02092000"],["89264.28000000","0.00263000"],["89361.77000000","0.00000000"]]}}
{"stream":"btcusdt@depth@100ms","data":{"e":"depthUpdate","E":1765107362114,"s":"BTCUSDT","U":82626890733,"u":82626890744,"b":[["89256.90000000","2.01429000"],["89247.88000000","0.01271000"],["80330.00000000","0.00010000"]],"a":[["89256.91000000","2.84246000"],["89260.01000000","0.01283000"],["89361.77000000","0.09991000"]]}}
{"stream":"btcusdt@depth@100ms","data":{"e":"depthUpdate","E":1765107362214,"s":"BTCUSDT","U":82626890745,"u":82626890749,"b":[["71405.52000000","0.00000000"]],"a":[["89273.97000000","0.80241000"],["89361.77000000","0.00000000"],["90595.77000000","0.00100000"]]}}
{"stream":"btcusdt@depth@100ms","data":{"e":"depthUpdate","E":1765107362314,"s":"BTCUSDT","U":82626890750,"u":82626890756,"b":[["87918.04000000","0.00100000"],["80331.00000000","0.00000000"]],"a":[["89324.99000000","0.16661000"],["89361.77000000","0.00000000"]]}}
{"stream":"btcusdt@depth@100ms","data":{"e":"depthUpdate","E":1765107362414,"s":"BTCUSDT","U":82626890757,"u":82626890765,"b":[["89256.90000000","2.14950000"],["89255.98000000","0.00599000"],["89234.33000000","0.00000000"]],"a":[["89256.91000000","2.83355000"],["89257.85000000","0.00609000"],["89257.88000000","0.00027000"],["89361.77000000","0.09987000"]]}}
{"stream":"btcusdt@depth@100ms","data":{"e":"depthUpdate","E":1765107362514,"s":"BTCUSDT","U":82626890766,"u":82626890796,"b":[["89256.90000000","2.14965000"],["89256.89000000","0.00087000"],["89256.52000000","0.02261000"],["89255.98000000","0.00009000"],["89255.93000000","0.01561000"],["89255.35000000","0.00610000"],["89254.78000000","0.05607000"],["89252.83000000","0.00006000"],["89247.97000000","0.00138000"],["89234.47000000","0.00000000"],["71405.52000000","0.00028000"]],"a":[["89256.91000000","2.83361000"],["89256.92000000","0.00055000"],["89257.60000000","0.02092000"],["89257.85000000","0.00624000"],["89257.88000000","0.00021000"],["89257.89000000","0.13009000"],["89361.77000000","0.00000000"]]}}
{"stream":"btcusdt@depth@100ms","data":{"e":"depthUpdate","E":1765107362614,"s":"BTCUSDT","U":82626890797,"u":82626890820,"b":[["89256.90000000","2.14968000"],["89256.52000000","0.02255000"],["89255.98000000","0.00000000"],["89255.93000000","0.01570000"],["89252.85000000","0.00000000"],["89252.84000000","0.03022000"],["89248.13000000","0.08567000"],["89235.31000000","0.00459000"],["71405.52000000","0.00000000"],["60000.00000000","197.98414000"]],"a":[["89256.91000000","2.34401000"],["89257.85000000","0.00015000"],["89257.88000000","0.00012000"],["89257.89000000","0.13018000"],["89265.00000000","0.00006000"],["89361.77000000","0.00000000"]]}}
{"stream":"btcusdt@depth@100ms","data":{"e":"depthUpdate","E":1765107362714,"s":"BTCUSDT","U":82626890821,"u":82626890864,"b":[["89256.90000000","2.01429000"],["89256.89000000","0.00093000"],["89255.35000000","0.00000000"],["89254.32000000","0.00000000"],["89252.72000000","0.01271000"],["89250.95000000","0.01117000"],["89247.88000000","0.00000000"],["89235.31000000","0.00000000"],["80330.00000000","0.00010000"]],"a":[["89256.91000000","2.34392000"],["89256.92000000","0.00049000"],["89257.60000000","0.02086000"],["89257.85000000","0.00589000"],["89262.55000000","0.52266000"],["89264.28000000","0.00257000"],["89361.77000000","0.09940000"]]}}
{"stream":"btcusdt@depth@100ms","data":{"e":"depthUpdate","E":1765107362814,"s":"BTCUSDT","U":82626890865,"u":82626890897,"b":[["89256.90000000","2.01432000"],["89256.89000000","0.00087000"],["89255.93000000","0.01570000"],["89255.35000000","0.00610000"],["89254.78000000","0.05601000"],["89252.89000000","0.00051000"],["89252.84000000","0.03028000"],["89251.60000000","0.00230000"],["89248.13000000","0.08573000"],["89247.97000000","0.00144000"],["89234.85000000","0.00459000"],["71406.00000000","0.00160000"]],"a":[["89257.60000000","0.02092000"],["89257.85000000","0.00627000"],["89262.55000000","0.52260000"],["89265.00000000","0.12106000"],["89294.64000000","0.00000000"],["89324.99000000","0.00000000"],["89361.77000000","0.00000000"]]}}
{"stream":"btcusdt@depth@100ms","data":{"e":"depthUpdate","E":1765107362914,"s":"BTCUSDT","U":82626890898,"u":82626890920,"b":[["89256.90000000","2.31749000"],["89255.93000000","0.01570000"],["89255.35000000","0.00603000"],["89247.97000000","0.00138000"],["89194.54000000","0.00000000"],["89188.37000000","0.00600000"],["89183.45000000","0.00000000"]],"a":[["89256.91000000","2.34392000"],["89257.85000000","0.00621000"],["89260.97000000","0.00006000"],["89263.49000000","0.36966000"],["89265.00000000","0.00006000"],["89313.60000000","0.03400000"],["89313.66000000","0.00000000"],["89361.77000000","0.00000000"]]}}
{"stream":"btcusdt@depth@100ms","data":{"e":"depthUpdate","E":1765107363014,"s":"BTCUSDT","U":82626890921,"u":82626890948,"b":[["89256.90000000","2.31755000"],["89249.00000000","0.12100000"],["89239.47000000","0.16817000"],["89239.17000000","0.00000000"],["89196.53000000","0.00000000"],["71405.52000000","0.00028000"]],"a":[["89256.91000000","2.34398000"],["89257.85000000","0.00631000"],["89257.89000000","0.02272000"],["89260.01000000","0.01283000"],["89260.96000000","0.00000000"],["89260.97000000","0.00000000"],["89261.81000000","0.00012000"],["89262.54000000","0.00000000"],["89262.55000000","0.52266000"],["89263.49000000","0.00000000"],["89265.34000000","0.00112000"],["89361.77000000","0.09968000"]]}}
{"stream":"btcusdt@depth@100ms","data":{"e":"depthUpdate","E":1765107363114,"s":"BTCUSDT","U":82626890949,"u":82626890961,"b":[["89256.90000000","2.31755000"],["89256.89000000","0.00093000"],["89251.70000000","0.00224000"],["89251.60000000","0.00006000"],["89248.13000000","0.08567000"],["89239.47000000","0.00000000"],["89196.58000000","0.16817000"],["60000.00000000","197.98404000"],["32132.49000000","0.00171000"]],"a":[["89262.55000000","0.52266000"],["89361.77000000","0.00000000"]]}}
{"stream":"btcusdt@depth@100ms","data":{"e":"depthUpdate","E":1765107363214,"s":"BTCUSDT","U":82626890962,"u":82626890968,"b":[["89252.64000000","0.00000000"],["89248.46000000","0.00000000"],["71405.52000000","0.00000000"]],"a":[["89361.77000000","0.00000000"],["90595.77000000","0.00100000"]]}}
{"stream":"btcusdt@depth@100ms","data":{"e":"depthUpdate","E":1765107363314,"s":"BTCUSDT","U":82626890969,"u":82626890981,"b":[["89256.90000000","2.31759000"],["89255.93000000","0.01576000"],["89252.04000000","0.03368000"],["89249.23000000","0.02006000"],["89249.00000000","0.12106000"],["89248.13000000","0.08573000"],["87918.04000000","0.00100000"],["50000.00000000","93.29480000"]],"a":[["89256.91000000","2.34098000"],["89296.16000000","0.08312000"],["89361.77000000","0.09976000"]]}}
{"stream":"btcusdt@depth@100ms","data":{"e":"depthUpdate","E":1765107363414,"s":"BTCUSDT","U":82626890982,"u":82626890985,"b":[["80331.00000000","0.00000000"]],"a":[["89280.27000000","0.00000000"],["89281.66000000","0.00560000"],["89361.77000000","0.00000000"]]}}
{"stream":"btcusdt@depth@100ms","data":{"e":"depthUpdate","E":1765107363514,"s":"BTCUSDT","U":82626890986,"u":82626890988,"b":[["71405.52000000","0.00028000"],["52000.00000000","7.49033000"]],"a":[["89361.77000000","0.09938000"]]}}
{"stream":"btcusdt@depth@100ms","data":{"e":"depthUpdate","E":1765107363614,"s":"BTCUSDT","U":82626890989,"u":82626890991,"b":[["71405.52000000","0.00000000"]],"a":[["89361.77000000","0.09923000"]]}}
{"stream":"btcusdt@depth@100ms","data":{"e":"depthUpdate","E":1765107363714,"s":"BTCUSDT","U":82626890992,"u":82626890997,"b":[["89234.85000000","0.00000000"],["89196.58000000","0.00000000"],["89196.56000000","0.16817000"]],"a":[["89301.64000000","0.01754000"],["89325.89000000","0.00000000"],["89361.77000000","0.00000000"]]}}
{"stream":"btcusdt@depth@100ms","data":{"e":"depthUpdate","E":1765107363814,"s":"BTCUSDT","U":82626890998,"u":82626891003,"b":[["89235.24000000","0.00459000"],["89196.56000000","0.00000000"],["89196.19000000","0.16817000"]],"a":[["89301.64000000","0.00000000"],["89325.89000000","0.01754000"],["89361.77000000","0.09943000"]]}}
{"stream":"btcusdt@depth@100ms","data":{"e":"depthUpdate","E":1765107363914,"s":"BTCUSDT","U":82626891004,"u":82626891008,"b":[["89196.19000000","0.00000000"],["89196.17000000","0.00000000"]],"a":[["89361.77000000","0.09956000"]]}}
{"stream":"btcusdt@depth@100ms","data":{"e":"depthUpdate","E":1765107364014,"s":"BTCUSDT","U":82626891009,"u":82626891020,"b":[["89252.84000000","0.00006000"],["89230.12000000","0.00000000"],["89196.43000000","0.00000000"],["89196.37000000","0.16817000"],["71406.00000000","0.00460000"],["71405.52000000","0.00028000"]],"a":[["89325.89000000","0.00000000"],["89361.77000000","0.00000000"]]}}
{"stream":"btcusdt@depth@100ms","data":{"e":"depthUpdate","E":1765107364114,"s":"BTCUSDT","U":82626891021,"u":82626891028,"b":[["89256.90000000","2.31753000"],["89256.89000000","0.00087000"],["89252.89000000","0.00045000"],["89252.82000000","0.03022000"],["89057.03000000","0.00000000"],["71406.00000000","0.00160000"]],"a":[["89361.77000000","0.09962000"],["89451.23000000","0.00000000"]]}}
{"stream":"btcusdt@depth@100ms","data":{"e":"depthUpdate","E":1765107364214,"s":"BTCUSDT","U":82626891029,"u":82626891037,"b":[["89256.90000000","2.31759000"],["89256.89000000","0.00093000"],["89248.13000000","0.08567000"],["71405.52000000","0.00000000"],["32132.49000000","0.00190000"]],"a":[["89361.77000000","0.09952000"],["90595.77000000","0.00100000"]]}}
{"stream":"btcusdt@depth@100ms","data":{"e":"depthUpdate","E":1765107364314,"s":"BTCUSDT","U":82626891038,"u":82626891040,"b":[["87918.04000000","0.00100000"]],"a":[["89361.77000000","0.00000000"]]}}
{"stream":"btcusdt@depth@100ms","data":{"e":"depthUpdate","E":1765107364414,"s":"BTCUSDT","U":82626891041,"u":82626891064,"b":[["89256.90000000","2.31750000"],["89230.12000000","0.00000000"],["89196.37000000","0.00000000"],["89058.87000000","5.10647000"],["80330.00000000","0.00010000"]],"a":[["89256.91000000","2.32978000"],["89257.89000000","0.13017000"],["89261.11000000","0.00006000"],["89261.12000000","0.36967000"],["89261.81000000","0.00006000"],["89361.77000000","0.09931000"],["89454.05000000","5.04165000"]]}}
